3120 5354
689 312 729 371 63

86 512 166 570 ante
191 511 312 571 mutam
336 530 407 571 oum
430 507 552 591 liquida
575 535 610 592 ρ,
641 530 738 570 unam
760 510 834 570 ante
853 532 906 588 χν,
931 528 1026 582 unam
1050 510 1124 569 ante
1146 509 1209 588 βμ,
1233 528 1328 568 unam

83 615 168 675 'ante
200 636 261 690 κμ;
301 611 411 695 itaque
443 609 477 674 et
506 610 694 694 producitur
722 613 753 674 et
785 609 959 692 corripitur
990 607 1176 692 saepissime
1206 588 1329 691 aute'p.

91 713 145 776 Ex
168 704 207 777 iis
230 737 312 798 quae
345 715 502 797 saprade
525 736 562 777 ea-
592 714 795 796 correptione
818 714 851 776 in
874 713 978 776 medio
1004 733 1081 776 voce
1104 711 1170 775 dixi
1192 734 1274 795 quae
1297 712 1330 774 in
1406 769 1410 775 .

91 816 287 881 arsi-soluta
312 818 380 895 fiat,
404 819 538 900 apparet
562 815 816 899 productionem,
840 837 912 880 cum
936 815 1074 879 admissa
1098 814 1149 892 sit,
1172 814 1331 898 imprimis

93 920 132 982 in'
153 920 191 982 iis
210 920 343 996 vocibus
371 919 516 982 adhiberi
543 941 625 1002 quae
646 917 750 982 vocali
772 918 1134 1002 correptasolutionem
1153 917 1330 1002 postulant.
1353 923 1355 928 ’

94 1021 159 1095 Sed
183 1059 216 1068 -
245 1023 276 1085 id
301 1023 385 1106 quod
409 1024 525 1086 mirum
549 1026 597 1085 est
623 1060 655 1068 -—
683 1044 879 1106 quamquam
902 1020 1062 1086 Lucienus
1080 1022 1113 1084 in
1133 1019 1331 1085 solutionum

93 1148 154 1189 usu
187 1121 388 1210 largissimus
420 1129 484 1201 est,
517 1128 626 1189 tamen
657 1125 820 1189 nonnullis
851 1124 932 1189 locis
964 1124 1157 1189 solutionem
1175 1145 1262 1199 eum
1293 1122 1331 1185 de

93 1229 251 1292 industria
282 1229 399 1298 vitasse
435 1226 643 1290 manifestum
680 1233 745 1305 est,
785 1234 821 1292 ut
843 1226 981 1315 1282,
1016 1234 1095 1304 291,
1128 1225 1166 1290 Ο.
1192 1235 1220 1293 6.
1266 1224 1330 1288 Ofr.

94 1336 204 1394 tamen
228 1331 392 1415 Koppium
414 1332 447 1394 in
471 1330 553 1394 Mus.
578 1329 680 1395 Rhen.
704 1332 768 1399 vol.
792 1339 830 1397 41
856 1354 887 1414 p.
913 1337 974 1397 257
998 1333 1030 1393 et
1054 1336 1125 1397 258,

154 1454 163 1474 ⁴
187 1422 353 1518 Denique!
364 1438 459 1517 poeta
491 1433 588 1496 etiam
610 1435 644 1497 in
667 1434 706 1497 iis
728 1434 868 1498 trimetri
889 1433 969 1498 locis
991 1433 1047 1496 ubi
1069 1432 1194 1515 syllaba
1216 1453 1333 1515 anceps

91 1542 148 1601 ¹est
181 1538 417 1620 correptionem
450 1536 592 1630 Atticam
634 1537 728 1601 aliter
764 1542 861 1622 atque
901 1541 1124 1620 exspectamus
1155 1536 1332 1620 usurpavit.

97 1638 184 1703 Nam
217 1662 289 1702 cum
322 1641 449 1723 saepius
480 1641 672 1724 corripuerit
703 1641 806 1705 rarius
839 1641 1089 1724 produxerit-
1114 1640 1333 1723 correptiones

96 1747 188 1806 sunt
206 1751 264 1820 783
295 1744 521 1826 productiones
558 1753 595 1812 19
620 1783 661 1791 -
684 1744 763 1808 talia
786 1743 959 1821 vocabula,
1000 1743 1033 1805 in
1065 1742 1182 1826 quibus
1212 1745 1333 1805 mutam

95 1869 169 1910 cum
192 1846 316 1930 liquida
338 1847 501 1930 praecedit
516 1847 637 1931 syllaba
651 1848 768 1928 brevis,
790 1849 896 1913 minus
921 1869 1017 1930 saepe
1041 1847 1073 1909 in
1087 1846 1202 1930 primo,
1226 1845 1332 1922 tertie,

95 1951 209 2034 quinto
233 1950 351 2013 senarii
374 1951 453 2033 pede
475 1973 596 2035 ponere
619 1951 738 2016 debuit.

183 2051 243 2117 Sed
263 2052 329 2116 fere
346 2054 543 2117 contrarium
562 2054 706 2118 tabulam
726 2039 869 2120 nostram
889 2054 1096 2138 inspicientes
1115 2054 1334 2120 observamus.

10 2172 13 2189 ·
94 2155 183 2219 Nam
207 2160 255 2219 ter
279 2155 471 2240 quadragies
495 2157 730 2240 correptionem
750 2157 893 2221 Atticam
915 2156 1048 2241 ancipiti
1066 2156 1138 2220 loco
1157 2155 1332 2219 adhibitam

98 2259 270 2326 cernimus.
315 2258 422 2322 Etiam
447 2259 508 2322 hoc
530 2260 750 2325 demonstrare
773 2261 899 2324 videtur
921 2265 1051 2345 poetam
1073 2260 1106 2324 in
1128 2259 1333 2344 producendo

96 2366 156 2426 aut
178 2362 210 2424 in
235 2361 436 2450 corripiendo
461 2365 581 2425 certam
604 2363 762 2427 rationem
785 2367 931 2428 secutum
954 2385 1022 2428 esse
1045 2362 1177 2429 nullam.

184 2464 273 2528 Haeo
320 2469 412 2528 erant
455 2487 537 2548 quae
585 2467 624 2528 de
664 2466 796 2530 Luciani
837 2489 870 2530 re
908 2466 1041 2530 metrica
1082 2464 1162 2528 mihi
1201 2463 1334 2526 dicenda

95 2571 290 2635 viderentur.
694 2563 696 2566 ⁴
