3120 5354
168 484 423 550 constituendam
455 482 645 568 Rumpelius
677 484 708 546 in
740 483 907 569 Philologi
938 488 1015 548 tom.
1041 490 1080 551 28
1103 506 1134 566 p.
1160 482 1400 560 6151111111,

167 612 231 673 qua
255 588 351 651 etiam
374 585 558 670 Stoppelius
582 610 612 670 p.
636 595 675 654 33
709 610 785 651 1111
816 592 864 651 111
896 589 935 652 ad
956 588 1046 672 leges
1077 586 1227 650 metricas
1251 584 1401 668 Gregorii

170 690 317 776 theologi
338 689 571 768 diiudicandas,
608 691 654 754 ita
677 691 873 774 composuit,
910 694 946 754 ut
969 690 1092 774 primus
1116 689 1253 773 quisque
1303 711 1399 772 quem

166 795 277 859 tabula
318 795 463 858 continet
501 816 651 858 numerus
684 816 756 858 eum
787 795 900 878 pedem
940 794 996 878 qui
1030 793 1187 877 plurimos
1209 793 1400 869 tribrachos,

165 898 298 962 ultimus
321 918 393 960 eum
431 896 488 980 qui
518 897 729 980 paucissimos
762 898 911 981 praebet,
944 897 1077 975 indicet,
1110 896 1243 980 reliquis
1265 896 1401 980 pedibus

166 1001 276 1065 ordine
299 999 509 1064 descendente
532 999 742 1084 interpositis.
780 1000 825 1065 Ut
842 1001 923 1065 haee
945 999 1056 1064 tabula
1078 1000 1292 1077 demonstrat,
1316 999 1400 1062 ratio

166 1108 214 1168 111
236 1104 321 1188 apud

526 1190 740 1275 Aeschylum:
848 1198 867 1257 4
891 1199 908 1258 3
936 1199 950 1256 1
978 1198 995 1256 2
1020 1198 1037 1257 5

526 1291 737 1377 Sophoclem:
850 1300 1037 1361 14325

523 1396 728 1480 Euripidem:
848 1403 1037 1463 24311)

524 1501 795 1584 Aristophanem:
848 1507 1048 1566 42315.

250 1601 338 1666 Inter
360 1602 493 1667 Luciani
522 1604 703 1669 tribrachos
734 1605 766 1667 in
799 1603 945 1689 singulos
976 1603 1073 1686 pedes
1102 1601 1292 1664 distributos
1315 1599 1402 1663 ratio

166 1707 245 1771 haec
268 1709 335 1770 est:
680 1768 879 1827 23415·

251 1881 451 1965 Quamquam
494 1880 595 1966 igitur
635 1903 708 1945 cum
757 1880 847 1944 nullo
882 1879 1043 1944 Lucienus
1079 1877 1244 1962 congruit,
1290 1880 1403 1939 tamen

164 1985 280 2048 iterum
311 1983 450 2048 maxime
479 1984 636 2048 tribrachi
667 1985 750 2068 apud
783 2006 856 2048 11111
888 1984 933 2046 111
964 1981 1127 2046 distributi
1159 1983 1232 2043 sunt
1254 1982 1291 2041 ut
1315 1979 1402 2063 apud

163 2087 348 2170 Euripidem
372 2091 406 2151 et
428 2087 687 2170 Aristophanem.
730 2086 986 2152 Usitatissimum
1008 2084 1165 2150 tribrachi
1187 2105 1289 2169 genus
1313 2082 1400 2167 apud

163 2191 342 2256 Lucienum
364 2189 396 2253 id
419 2193 482 2269 est,
507 2193 542 2254 ut
564 2191 664 2255 thesis
687 2195 812 2256 constet
836 2191 1019 2256 evocabuli
1042 2191 1122 2269 fine,
1147 2212 1254 2254 arseos
1273 2188 1401 2252 solutae

164 2297 310 2376 tempora
341 2292 498 2375 incipiant
528 2316 639 2358 vocem
672 2298 874 2378 sequentem,
908 2293 1019 2377 quales
1047 2294 1262 2376 1111111132,
1296 2291 1402 2355 idest

164 2396 231 2459 fere
262 2398 387 2479 partem
420 2395 583 2460 dimidiam
615 2398 767 2461 omnium.
818 2396 868 2461 Ex
898 2396 1023 2460 duobus
1055 2393 1218 2458 vocabulis
1250 2396 1403 2457 constant

165 2507 226 2579 54,
262 2519 397 2582 quorum
431 2498 690 2582 frequentissima
712 2499 818 2564 forma
840 2504 888 2563 est
919 2501 1014 2564 modo
1045 2499 1144 2563 allata
1178 2496 1402 2584 mima„

162 2604 310 2688 proxima
326 2602 461 2687 vivv
483 2648 523 2681 ..,
543 2624 626 2686 quae
640 2602 809 2666 duodecies
827 2601 969 2666 adhibita
986 2606 1043 2680 est,
1067 2624 1203 2686 sequens
1229 2649 1248 2662 ..
1260 2600 1402 2687 vlvw

163 2729 244 2790 quae
278 2707 396 2790 septies
428 2709 581 2789 usurpata
613 2708 670 2769 est.
715 2705 805 2769 Duos
836 2704 1016 2769 tribrachos
1044 2705 1268 2789 monosyllabo
1292 2713 1325 2772 et
1349 2710 1401 2774 bi-

163 2809 288 2893 syllabo
311 2810 468 2894 expressit
489 2814 595 2894 poeta.
637 2808 764 2873 Novem
788 2807 968 2872 tribrachos
991 2829 1031 2871 ex
1053 2830 1116 2872 uno
1139 2809 1295 2874 vocabulo
1319 2834 1401 2876 eon·

163 2916 284 2976 stantes
307 2914 445 2991 admisit,
468 2936 606 2998 quorum
629 2913 770 2997 quinque
792 2913 1000 2977 inveniuntur
1022 2912 1055 2975 in
1078 2912 1180 2977 altero
1203 2915 1298 2997 pede,
1329 2919 1399 2980 tres

161 3017 194 3080 in
219 3016 338 3099 prime,
363 3039 444 3080 unus
463 3017 496 3079 in
513 3016 630 3095 111111,
654 3015 762 3079 111111
781 3016 813 3078 11
828 3018 962 3099 quarto:
986 3018 1051 3079 tres
1066 3015 1249 3080 efficiuntur
1267 3017 1399 3101 integra

160 3140 257 3197 voce,
288 3139 344 3181 sex
368 3119 477 3195 initi0,
510 3118 618 3182 nullus
640 3119 702 3182 fine
725 3117 778 3183 rel
800 3119 904 3182 media
926 3122 1018 3201 parte
1041 3118 1200 3182 vocabuli.
1247 3117 1399 3204 Quinque

159 3222 316 3285 tribrachi
349 3223 431 3305 apud
455 3221 632 3308 Lucienum
664 3222 766 3286 tribus
798 3221 962 3285 vocabulis
988 3221 1193 3285 continentur
1215 3223 1398 3289 arctissimo

160 3347 244 3388 nexu
266 3325 352 3389 inter
374 3347 443 3388 sese
467 3324 722 3389 cohaerentibus

247 3427 335 3492 Haec
358 3427 532 3507 habebam,
556 3450 639 3511 quae
661 3428 699 3491 de
723 3427 894 3492 tribrachis
917 3428 1065 3491 dicerem.

682 3651 802 3751 Caput
828 3655 871 3731 II.

625 3824 689 3894 De
716 3825 926 3912 dactylis.

244 3978 383 4063 Spondei
399 3978 470 4043 loeo
486 3981 582 4044 etiam
596 3982 760 4066 dactylum
775 4020 816 4031 -
832 3983 891 4047 etsi
907 3984 940 4046 in
954 3981 1067 4064 quinto
1086 3982 1166 4065 pede
1178 3982 1341 4045 rarissime

156 4082 234 4145 ferri
265 4104 360 4166 posse
392 4085 504 4146 notum
538 4087 594 4148 est.
645 4084 707 4149 Sed
739 4085 884 4169 dactylus
914 4108 946 4148 a.
964 4085 1070 4168 poetis
1102 4107 1167 4148 non
1197 4085 1267 4168 pari
1298 4087 1396 4151 modo

155 4189 328 4268 usurpatus
352 4189 410 4248 est.
456 4184 649 4269 Saepissime
673 4188 802 4272 quidem
824 4211 896 4252 enm
921 4210 1031 4253 omnes
1057 4189 1090 4250 in
1114 4190 1210 4252 tertio
1233 4189 1313 4272 pede
1338 4191 1395 4254 ad-

156 4288 303 4367 mittunt,
339 4289 371 4351 in
404 4310 469 4371 quo
501 4311 610 4354 versus
641 4291 739 4354 incidi
773 4291 856 4355 solet
884 4313 1016 4356 caesura
1045 4314 1141 4376 quam
1164 4293 1274 4356 dicunt
1297 4294 1394 4356 senri-

155 4391 346 4472 quinariam.
392 4388 430 4453 ln
453 4391 556 4473 prima
590 4393 663 4456 sede
686 4395 770 4476 apud
792 4394 877 4458 hunc
901 4394 1028 4478 saepius
1068 4396 1152 4477 apud
1174 4394 1266 4458 illum
1290 4396 1395 4459 rarius

155 4493 333 4571 invenitur,
357 4493 446 4557 nullo
470 4498 578 4558 autem
602 4495 673 4559 loco
697 4497 781 4580 apud
804 4498 947 4583 tragicos
971 4498 1004 4560 in
1028 4498 1157 4581 quinta,
1187 4520 1260 4561 narn
1285 4500 1395 4562 omnia

155 4594 354 4677 dactylorum
388 4586 422 4660 in
444 4599 557 4682 quinta
588 4600 660 4662 sede
693 4600 903 4664 admissorum
936 4601 1082 4684 exempla
1116 4601 1394 4668 emendationibus
