3120 5354
695 263 849 355 2—4

155 465 315 548 syllabam
332 503 374 510 —
393 468 426 527 et
443 464 533 547 prior
551 485 658 528 arseos
678 462 803 527 solutae
822 485 913 526 mora
931 466 1020 527 arcto
1038 484 1123 526 nexu
1144 463 1395 549 coniungantur,

156 568 318 650 posterior
349 570 456 630 autem
487 566 526 630 ad
549 588 661 630 vocem
684 571 870 650 sequentem
894 569 1018 649 spectet
1049 566 1095 629 ita
1131 570 1167 629 ut
1190 567 1395 650 exprimatur

158 671 251 754 quasi
266 669 427 755 bisyllabo
443 674 475 735 et
488 670 724 754 monosyllabo,
746 674 855 734 tamen
870 670 1053 734 huiusmodi
1067 670 1239 735 solutionis
1254 671 1398 735 formam

157 797 321 858 nunquam
355 775 439 859 apud
471 773 670 858 Aeschylum
702 777 734 837 et
765 771 977 856 Sophoclem,
1009 774 1136 857 saepius
1169 778 1277 838 autem
1313 775 1399 858 apud

159 874 427 961 Aristophanem,
465 880 503 940 ut
537 877 708 955 comicum,
747 876 883 939 inveniri
914 876 1086 939 tenendum
1118 879 1175 939 est.
1220 875 1400 941 Nonnullis

159 981 289 1063 quidem
318 980 398 1044 locis
422 980 519 1043 etiam
542 980 712 1064 Euripides
735 980 768 1043 in
791 979 910 1044 fabulis
933 979 1140 1044 liberioribus
1161 980 1208 1042 ita
1231 979 1400 1064 dactylum

160 1083 384 1148 conformavit.
399 1085 423 1168 ¹)

247 1185 471 1271 septendecim
506 1188 608 1273 igitur
643 1187 677 1250 iu
707 1186 813 1270 primo
844 1187 924 1270 pede
948 1185 1161 1250 admissorum
1192 1185 1401 1269 dactylorum

161 1295 286 1374 septem
307 1312 372 1354 uno
395 1291 572 1371 vocabulo,
595 1313 710 1355 novem
735 1290 875 1368 duobus,
898 1312 980 1353 unus
1003 1289 1106 1352 tribus
1129 1288 1298 1353 vocabulis
1322 1311 1403 1354 con-

160 1393 291 1458 tinetur.
347 1392 483 1473 Omnes,
524 1416 603 1478 quas
631 1395 665 1458 in
696 1394 801 1478 primo
825 1394 904 1476 pede
927 1392 1073 1456 adhibuit
1096 1392 1299 1475 dactylorum
1323 1414 1403 1456 con-

162 1497 374 1562 formationes
398 1499 482 1581 apud
497 1498 748 1582 Aristophanem
770 1496 976 1580 reperiuntur
999 1499 1040 1574 et,
1064 1517 1261 1579 quamquam
1285 1496 1403 1574 rarius,

161 1601 195 1663 iu
228 1600 267 1663 iis
289 1601 452 1684 Euripidis
484 1601 620 1680 fabulis,
652 1623 732 1685 quas
764 1600 885 1664 maiore
913 1600 1007 1663 metri
1038 1599 1170 1663 licentia
1206 1599 1405 1683 conscripsit

163 1707 269 1785 poeta.

746 1878 817 1961 §a

450 2031 494 2099 lle
517 2032 657 2118 dactylis
681 2032 711 2100 in
733 2033 835 2102 tertio
858 2033 940 2119 pede
964 2033 1128 2101 admissis.

253 2186 299 2252 Ut
331 2209 433 2270 pauca
460 2191 587 2251 tantum
618 2187 818 2273 dactylorum
851 2191 926 2250 sunt
958 2187 1105 2271 exempla
1128 2189 1161 2251 in
1184 2190 1289 2272 primo
1322 2191 1406 2273 pede

164 2289 211 2353 ita
241 2290 382 2374 plurima
414 2294 547 2375 propter
578 2313 742 2354 caesuram
773 2291 880 2369 illam,
913 2312 995 2374 quae
1017 2291 1134 2355 dicitur
1156 2295 1403 2379 πενθημιμερὴς,

168 2393 253 2476 apud
275 2392 453 2457 Lucianum
483 2393 581 2479 longe
611 2394 871 2473 usitatissimam,
901 2394 937 2457 in
967 2394 1064 2457 tertio
1096 2404 1179 2459 sunt.
1226 2395 1334 2471 Quare
1358 2397 1405 2475 fit,

166 2502 202 2561 ut
224 2518 383 2579 nusquam
405 2496 555 2582 legantur
576 2498 610 2561 in
635 2497 789 2562 trimetris
812 2497 982 2562 Lucianeis
1005 2497 1125 2581 dactyli
1147 2498 1299 2563 intortio
1323 2501 1407 2582 pede

167 2600 361 2665 conformati
383 2601 511 2687 integro
534 2602 692 2666 vocabulo
715 2601 768 2665 vel
790 2603 893 2666 tribus
911 2601 1074 2686 prioribus
1089 2601 1240 2666 vocabuli
1258 2602 1406 2686 syllabis,

169 2705 281 2789 quales
312 2705 386 2788 plus
418 2704 516 2769 semel
539 2705 709 2789 Euripides
742 2709 774 2769 et
796 2705 1031 2788 Aristophanes
1055 2704 1177 2768 maiore
1200 2704 1333 2769 licentia
1358 2707 1409 2770 usi

169 2809 318 2872 videntur
341 2809 521 2887 admisisse,
553 2809 599 2873 ita
629 2813 665 2872 ut
696 2809 757 2873 hac
779 2809 813 2873 iu
836 2830 870 2872 re
893 2812 990 2892 poeta
1013 2812 1122 2872 noster
1145 2830 1216 2872 cum
1239 2807 1409 2893 Aeschylo

169 2916 201 2976 et
224 2910 384 2995 Sophocle
407 2918 573 2997 congruat.

255 3017 285 3100 1)
308 3014 420 3079 Liceat
443 3015 543 3101 igitur
565 3017 669 3101 primo
692 3015 764 3080 loco
788 3019 927 3079 tractare
950 3013 1095 3097 dactylos
1113 3012 1407 3098 frequentissimos,

166 3119 270 3182 idest
301 3120 348 3182 ita
379 3119 552 3198 formatos,
586 3123 623 3183 ut
654 3118 754 3182 thesis
786 3139 937 3201 expressa
968 3117 1009 3180 sit
1037 3116 1187 3181 vocabuli
1209 3116 1289 3194 fine,
1325 3117 1407 3181 arsis

165 3223 328 3307 prioribus
350 3222 474 3286 duabus
497 3221 631 3305 syllabis
655 3223 739 3300 eius,
764 3222 849 3306 quod
871 3220 1033 3303 sequitur;
1065 3218 1132 3282 fere
1154 3218 1236 3283 duae
1260 3221 1407 3284 omniurn

167 3329 275 3409 partes
307 3324 527 3409 dactylorum,
560 3325 615 3408 qui
647 3325 679 3387 in
711 3323 808 3387 tertia
830 3322 903 3386 sede
926 3321 1094 3406 leguntur,
1126 3320 1185 3384 tali
1207 3322 1303 3385 modo
1329 3343 1407 3386 con-

166 3428 324 3492 formatae
370 3431 462 3505 sunt,
508 3428 539 3491 id
583 3428 669 3511 quod
712 3427 809 3490 etiam
854 3426 887 3488 in
932 3424 1104 3489 tribrachis
1153 3424 1407 3489 observavimus.

168 3529 334 3595 Habemus
357 3530 513 3594 eiusmodi
535 3529 698 3615 dactylos:

215 3633 251 3698 T.
278 3641 314 3700 21
349 3634 449 3696 αὐτῶν
471 3633 638 3719 διάπυρον,
670 3641 710 3699 24
739 3634 840 3696 αῧλὼν
861 3631 1028 3716 ἁλιπόρου,
1062 3637 1102 3698 26
1135 3631 1255 3714 πετρῶν
1278 3630 1408 3708 σκολιός,

270 3746 310 3806 60
333 3735 432 3800 ’ὅσσων
450 3738 556 3821 νύχιον,
580 3745 620 3806 70
634 3737 797 3821 ποδαγρῶν
811 3743 1004 3821 περιπατεῖν,
1029 3742 1089 3801 142
1104 3732 1194 3816 lapan
1209 3734 1408 3818 περικρεμής,

273 3849 333 3908 145
359 3845 474 3922 Φοίβου
497 3841 697 3919 πολυμαθής,
731 3847 792 3908 164
815 3839 920 3915 δαίνας
942 3839 1168 3923 τραγελάφους,
1203 3844 1263 3903 172
1286 3835 1412 3911 άοιδαῖς

269 3946 444 4023 ἐπιθετῶν,
474 3952 535 4012 216
566 3944 719 4029 κραταιῶς
751 3943 958 4025 συνοχμάσας,
993 3948 1053 4007 217
1086 3942 1149 4021 ἥκω
1182 3940 1317 4018 στάδια,
1349 3945 1412 4006 222

268 4055 434 4133 τρέμουσαν
465 4047 672 4126 διαλάτοισιν,
718 4053 779 4115 228
815 4045 933 4108 illo-lor
963 4045 1164 4130 περιπεσών,
1210 4048 1271 4111 239
1308 4041 1411 4120 ἀπήνη

269 4149 476 4235 παραδράμῃ,
513 4157 573 4217 252
609 4150 763 4235 ποδάρκης
799 4148 951 4233 ποδαγρός
987 4149 1063 4232 (vid.
1101 4146 1302 4230 excursum),
1343 4154 1405 4215 253

265 4256 411 4337 Ἀχιλλεὺς
433 4253 596 4336 ποδαγράς,
620 4261 682 4322 254
695 4253 940 4339 Βελλεροφόντης
955 4252 1117 4336 ποδαγράς,
1141 4236 1208 4319 256'
1218 4249 1408 4314 Πελοπιδῶν

266 4357 426 4443 ποδαγράς,
450 4365 510 4425 257
534 4362 596 4436 υἱὸς
618 4359 779 4444 ποδαγρλς,
804 4364 865 4425 295
889 4355 1007 4438 ἀφανὴς
1030 4355 1165 4435 πύματα.

234 4533 250 4599 ¹)
269 4531 310 4585 De
338 4548 393 4585 uno
421 4530 582 4585 huiusmodi
629 4531 742 4599 dactylo
771 4528 944 4598 aGregorio
966 4527 1034 4581 Nan.
1064 4526 1187 4580 admisso
1216 4525 1272 4580 vid.
1291 4524 1409 4595 Stoppel

166 4621 230 4675 diss.
248 4637 275 4687 p.
294 4618 334 4673 35.
