3120 5354
785 700 829 769 oe
852 700 993 769 metaris.

354 858 420 924 Sub
454 858 549 920 finem
584 855 897 940 Tragodopodagrae
929 856 970 938 (v.
995 854 1179 936 312·--324)
1209 854 1372 920 Lucienus
1404 821 1558 940 lepid4

271 963 417 1026 imitatus
450 960 607 1023 incessum
641 957 781 1021 hominis
814 957 981 1072 repentino
1013 957 1124 1021 dolore
1156 980 1195 1020 ex
1218 959 1363 1044 podagra
1386 957 1558 1059 eleum<

269 1065 370 1129 cantis
398 1062 544 1127 adhibuit
566 1061 770 1125 hexametros
790 1060 845 1144 qui
862 1063 980 1123 exeunt
993 1059 1026 1123 in
967 1060 1183 1123 rambum
1197 1061 1250 1124 vel
1264 1062 1504 1145 pyrrhichium
1553 1056 1558 1069 ⁴

271 1166 398 1252 qualem
432 1187 559 1229 versum
588 1168 712 1228 veteres
744 1162 948 1247 grammatici
979 1166 1012 1225 et
1041 1167 1109 1226 met
1109 1163 1168 1227 rici
1204 1165 1263 1246 (At
1250 1164 1409 1229 thenaeus
1432 1164 1505 1229 XIV

268 1293 299 1353 p.
338 1265 480 1343 632D;
523 1265 623 1330 schol.
661 1264 767 1348 Heph.
806 1287 837 1347 p.
876 1273 955 1340 1683
1001 1263 1213 1330 Terentianus
1255 1289 1284 1330 v.
1325 1274 1408 1335 1920
1444 1291 1502 1352 sq.;

272 1372 347 1435 Vict
333 1371 458 1435 torinus
487 1367 519 1446 l,
554 1370 617 1452 21.)
655 1369 814 1432 vocabant
801 1373 951 1450 1στίχον
984 1372 1126 1454 μείονρον
1159 1369 1210 1433 vel
1237 1374 1404 1452 τελίαμβον
1439 1370 1506 1454 (cfr.

270 1474 496 1540 Studemund.:
521 1472 586 1550 εἴδη
601 1471 791 1549 hexametri,
803 1471 916 1536 Jahrb.
940 1471 962 1536 f.
977 1470 1142 1557 Philolog.
1161 1481 1242 1541 1867
1266 1497 1295 1557 p.
1313 1475 1509 1556 coe-623).

271 1576 464 1662 Exemplum
489 1598 556 1640 esse
579 1574 690 1638 dicunt
712 1573 791 1638 illud
814 1573 949 1638 Homeri
971 1573 1008 1639 H.
1033 1577 1080 1639 M.
1107 1583 1188 1644 208:

507 1715 614 1799 Τρῶες
636 1713 664 1776 δ’
689 1717 855 1798 ἐρρίγησαν,
878 1712 963 1788 ὅπως
985 1713 1051 1776 ἴδον
1074 1714 1177 1776 αἰόλον
1199 1712 1279 1797 ὅφιν.

360 1853 405 1916 At
391 1852 499 1916 tiam
524 1851 720 1916 Heliodorus
750 1857 837 1916 recte
860 1853 985 1916 monuit
1008 1851 1205 1936 syllabam'd
1227 1853 1419 1936 productam
1445 1875 1518 1917 esse

275 1954 397 2019 maiore
420 1954 452 2019 vi
475 1977 556 2039 quoe
579 1953 613 2018 in
635 1954 777 2037 aspirata
800 1955 906 2038 posita
928 1954 979 2023 sit.
992 1956 1015 2037 ¹)
1057 1954 1122 2024 Ofr
1147 1953 1183 2022 G
1207 1954 1384 2034 Hermann,
1410 1955 1461 2019 El.
1488 1956 1519 2019 d.

272 2063 364 2122 metr
388 2080 419 2141 p.
445 2065 516 2125 354

361 2194 435 2259 Non
470 2195 564 2260 aliter
595 2195 799 2259 iudicandum
830 2199 877 2258 est
908 2196 946 2258 de
978 2194 1043 2258 alio
1075 2217 1171 2279 quem
1194 2195 1355 2260 Homerus
1378 2197 1523 2279 praebet

276 2321 370 2363 versu
399 2301 511 2366 9425
545 2299 629 2384 δῶρα
661 2297 799 2376 διδόναι,
833 2320 906 2361 1111111
941 2298 1003 2362 hoc
1038 2297 1110 2362 loco
1146 2298 1284 2361 διδοῦναι
1319 2300 1522 2363 auctoritate

276 2402 504 2486 Aristophanis
534 2401 611 2486 Byz.
645 2402 769 2465 nititur.
815 2400 875 2465 Sed
908 2423 1019 2466 revera
1050 2425 1069 2464 a
1101 2401 1289 2484 quibusdam
1323 2403 1521 2485 posterioris

274 2505 388 2569 aetatis
421 2504 526 2588 poetis
557 2526 667 2568 versus
707 2504 762 2587 qui
793 2509 928 2588 μείουροι
960 2505 1110 2567 dicuntur
1142 2503 1312 2588 compositi
1342 2510 1436 2582 sunt,
1461 2506 1520 2568 >de

277 2608 393 2692 quibus
426 2608 576 2672 disseruit
608 2607 819 2672 Terentianus
846 2606 978 2671 Maurus
1009 2630 1038 2670 v.
1071 2615 1149 2674 1931
1183 2629 1229 2690 sq.
1262 2607 1359 2670 verba
1393 2606 1520 2671 faciens

275 2712 313 2774 de
338 2711 422 2774 Livii
436 2711 611 2775 Andronici
625 2711 657 2774 in
671 2709 770 2777 Inone
786 2715 940 2796 quattuor
953 2711 1107 2776 versibus.
1137 2709 1216 2794 (Otr.
1232 2714 1341 2774 tamen
1355 2709 1519 2790 Ribbeck,

277 2813 367 2878 Rom.
392 2812 551 2898 Tragddie
574 2837 604 2898 p.
630 2816 696 2898 34.)

361 2951 538 3015 Lucianum
577 2952 610 3015 in
646 2951 874 3034 componendis
918 2952 1013 3015 huius
1061 2950 1189 3036 generis
1231 2949 1379 3014 versibus
1419 2951 1519 3014 certis

274 3055 401 3141 legibus
432 3077 465 3118 se
488 3054 695 3118 adstrinxisse
727 3058 871 3139 apparet.
927 3054 1093 3119 Tredicem
1123 3054 1207 3119 enim
1237 3053 1292 3138 qui
1324 3055 1411 3137 apud
1443 3076 1520 3118 eum

277 3157 430 3242 leguntur
454 3173 610 3221 'versuum
642 3157 750 3221 decern
775 3157 819 3220 ita
843 3156 1019 3241 comparati
1045 3161 1134 3235 sunt,
1162 3162 1198 3221 ut
1224 3154 1424 3239 paenultima
1449 3156 1521 3240 syl·

276 3261 350 3325 laba
390 3265 556 3325 accentum
596 3259 722 3324 habeat.
780 3261 807 3323 E
844 3260 1009 3324 vocabulis
1054 3283 1137 3343 quae
1178 3281 1286 3323 versus
1318 3258 1522 3324 concludunt

279 3366 434 3448 quattuor
456 3367 531 3427 suut
552 3362 731 3446 bisyllaba:

464 3501 575 3568 2312
598 3504 674 3583 βία,
706 3506 892 3583 31331111,
923 3509 984 3568 318
1009 3503 1071 3586 ἔριν
1098 3508 1160 3567 319
1193 3503 1317 3576 aldum,

277 3662 358 3723 quae
382 3640 490 3703 omnia
512 3644 587 3704 sunt
609 3643 820 3722 paroxytona.
854 3637 888 3702 Si
911 3637 1080 3721 trisyllaba
1103 3659 1166 3701 vox
1189 3637 1220 3699 in
1245 3636 1308 3699 fine
1332 3635 1519 3701 hexametri

277 3746 375 3820 extat,
397 3743 479 3826 quod
500 3742 619 3826 septies
638 3741 765 3806 obviarn
784 3741 831 3817 fit,
850 3741 1040 3824 plerumque
1058 3761 1175 3804 nomen
1193 3738 1360 3823 proprium
1378 3743 1439 3816 est,
1466 3746 1520 3805 ut:

383 3862 419 3930 T.
444 3872 506 3931 314
529 3863 693 3947 Μαρσύας,
717 3869 779 3929 316
803 3861 915 3943 Νιόβη,
939 3868 999 3928 317
1025 3863 1161 3942 Σιπύλῳ,
1186 3867 1245 3929 321
1271 3863 1407 3937 Πυθίου,

275 3983 391 4068 quibus
414 3983 585 4047 accedunt:

539 4128 600 4190 322
624 4122 782 4208 Ποδάγρα,
807 4128 869 4189 320
890 4121 1044 4207 μερόπων,
1067 4126 1128 4187 315
1155 4121 1250 4180 πίτυϊ.

363 4262 541 4326 Haeremus
564 4283 639 4326 sane
662 4261 695 4324 in
718 4261 780 4325 hoc
811 4281 904 4325 versu
929 4266 1000 4328 315.
1027 4256 1101 4322 Ood.
1127 4260 1157 4318 K
1178 4261 1211 4320 et
1234 4255 1390 4319 editiones
1423 4278 1522 4338 prae-

277 4365 353 4428 bent
376 4365 474 4429 etiem
496 4365 530 4428 in
553 4364 614 4427 hoc
637 4385 731 4428 versu
755 4366 981 4447 paroxytonon
1005 4367 1108 4438 αιίος,
1137 4361 1191 4423 sed
1226 4357 1365 4442 ἀμέτρως
1395 4356 1523 4422 habent

363 4589 381 4656 ¹)
403 4589 527 4655 Quocum
546 4606 628 4644 versu
654 4588 779 4643 conferre
804 4604 964 4656 possumus,
992 4586 1067 4655 quod
1087 4585 1242 4654 Aeschylus
1260 4583 1319 4653 ipse
1340 4582 1371 4635 in
1390 4580 1524 4654 Choeph.

277 4676 344 4730 1049
363 4679 549 4747 φαιοχίτωνες
567 4678 600 4730 ut
620 4677 824 4744 φαιοκχίτωνος
840 4671 1044 4744 pronuntiavit.
1150 4680 1153 4684 '
