3120 5354
236 493 300 534 una
329 475 457 535 tantum
488 473 671 538 huiusmodi
695 475 858 540 invenitur
881 477 916 541 Τ.
944 486 1005 545 164
1027 481 1203 565 βατράχους,
1250 485 1355 551 Paulo
1381 489 1493 552 maior

238 577 286 637 est
305 596 457 639 numerus
477 598 588 640 eorum
608 577 838 661 exemplorum,
863 581 918 644 ubi
937 581 969 643 in
988 581 1148 648 solutione
1167 587 1291 652 duobus
1311 581 1492 654 vocabulis

237 678 353 742 effecta
382 683 544 764 correptio
577 683 609 744 in
642 684 746 746 media
770 706 846 748 voce
870 691 943 748 ante
967 692 1089 751 mutam
1113 710 1139 751 c.
1164 688 1417 767 l.·admittitur‚
1453 696 1518 775 ut⁴

235 780 268 843 in
292 782 482 848 tribrachis:

279 883 315 948 T.
341 892 401 952 237
425 889 546 969 νωθρὸν
568 890 696 972 ἐλαφρά,

279 987 316 1052 0.
364 998 404 1058 70
425 993 484 1076 γὰρ
507 994 619 1070 ξ’κλοον,
645 999 705 1060 102
727 994 786 1077 γὰρ
810 993 921 1071 ἔκλαες,
981 980 984 986 ’

238 1090 268 1152 in
293 1091 449 1174 dactylis:

279 1193 315 1257 Τ.
342 1202 401 1260 142
425 1193 518 1277 didon
548 1199 749 1284 περικρεμὴς,
783 1206 843 1266 239
867 1197 966 1277 ἀπήνη
998 1200 1202 1287 παραδράμῃ,
1236 1209 1297 1269 240
1321 1200 1374 1278 σὸς
1407 1206 1484 1286 ταχὺ

340 1304 460 1382 τρέχων,
484 1307 546 1367 304
569 1298 587 1379 ἢ
609 1300 779 1386 διαβρεχής,

280 1398 317 1468 0.
340 1460 342 1465 ,
364 1409 401 1466 01
428 1422 495 1480 uum
517 1405 705 1482 κατακνῆσαι,
732 1413 790 1472 108
815 1406 916 1480 νυκτὸς
934 1404 1107 1483 διοπνίσας,

240 1524 320 1586 quas
344 1526 454 1568 omnes
477 1505 545 1569 fere
568 1507 787 1590 correptiones
811 1529 879 1571 esse
902 1507 1097 1586 lenissimas,
1133 1532 1215 1592 quae
1239 1510 1425 1576 efficiantur
1448 1514 1484 1576 in
1534 1517 1538 1523 ’

237 1607 403 1672 vocabulis
426 1630 497 1672 cum
522 1610 761 1692 praepositione
785 1611 980 1694 compositio,
1004 1595 1158 1677 videmos

324 1709 403 1774 Fere
439 1712 524 1775 idem
561 1716 610 1776 est
642 1735 793 1777 numerus
825 1713 987 1793 locorum,
1026 1715 1142 1798 quibus
1179 1715 1213 1778 in
1248 1715 1415 1787 tribracho
1449 1721 1483 1780 et

238 1818 411 1896 nrrapacsto
448 1814 574 1897 syllaba
610 1820 683 1878 ente
721 1821 843 1879 mutam
881 1838 951 1880 curn
990 1817 1112 1900 liquido
1146 1817 1180 1880 in
1213 1823 1359 1881 extrema
1400 1842 1481 1884 voce

239 1921 351 1980 extens
375 1918 556 2002 corripitur.
602 1917 755 2002 Legimus
779 1920 882 1983 enim:

279 2019 315 2083 Τ.
342 2028 398 2087 lli-1
425 2022 522 2102 φύλλα
545 2021 714 2106 θριδάκων,
739 2029 799 2090 240
824 2021 838 2083 d
863 2023 1024 2107 Κρονίδας,

280 2122 317 2187 Ο.
365 2131 405 2189 24
427 2133 578 2203 γενναῖος,
610 2123 625 2186 ὃ
650 2127 785 2210 spuet,
811 2134 870 2192 154
893 2124 985 2188 ὁποία
1006 2130 1132 2212 βρέφος,
1158 2132 1197 2191 22
1221 2128 1312 2188 ταῦτα
1337 2131 1483 2212 φλοαραῖ,

344 2235 402 2294 109
426 2226 551 2306 δαίμονι
573 2233 707 2306 πληγείς,

324 2328 480 2414 Dactylus
503 2329 561 2393 tali
584 2331 679 2394 modo
703 2328 923 2393 conformatus
946 2330 1044 2394 deest.

324 2430 444 2507 Quodsi
467 2433 679 2516 quaesiveris,
711 2437 818 2496 utrum
840 2432 979 2497 leuiores
1002 2433 1222 2517 correptiones
1245 2456 1286 2496 an
1308 2435 1479 2518 graviores

238 2535 364 2618 saepius
388 2535 552 2599 admiserit
574 2539 680 2619 poeta,
706 2557 779 2599 enm
802 2557 860 2599 nec
883 2535 934 2598 his
951 2535 1025 2600 illas
1043 2558 1102 2600 nec
1120 2537 1186 2600 illis
1206 2537 1263 2600 has
1282 2539 1478 2620 praetulisse

238 2661 254 2701 e
275 2639 389 2724 tabula
410 2643 521 2703 nostra
543 2639 676 2722 patebit.

324 2739 386 2805 Sed
408 2741 503 2805 aliter
524 2764 575 2805 res
599 2763 632 2805 se
655 2741 754 2804 habet
777 2741 809 2804 in
832 2741 1106 2824 productionibus.
1145 2740 1370 2807 Productionis
1389 2744 1478 2808 enirn

238 2845 386 2930 exempla
417 2846 505 2910 vides
543 2846 673 2909 omnino
709 2853 746 2913 19
783 2845 946 2924 adhibita,
983 2867 1000 2910 e
1038 2845 1154 2929 quibus
1190 2846 1223 2909 in
1260 2847 1366 2910 media
1396 2868 1478 2911 voce

239 2951 349 3012 extant
374 2955 430 3026 16,
465 2949 547 3012 unde
577 2948 689 3031 patefit
720 2949 753 3010 in
785 2949 996 3031 productione
1027 2951 1157 3030 poetam
1189 2949 1384 3012 severiorem
1408 2971 1479 3013 esse

238 3074 335 3135 quam
366 3052 399 3114 in
429 3052 640 3134 correptione.
686 3050 787 3117 Nullo
820 3056 929 3115 autem
959 3051 1031 3115 loco
1062 3051 1306 3133 productionem
1328 3051 1363 3113 in
1385 3073 1478 3116 com·

238 3154 353 3238 positis
385 3160 441 3219 aut
472 3156 505 3218 in
535 3155 717 3240 augmentis
739 3153 1112 3237 reduplicationibusque
1134 3154 1323 3217 invenimus.
1371 3152 1479 3229 Quam

189 3271 191 3276 ⁴
237 3279 310 3321 raro
342 3257 439 3320 etiam
470 3258 503 3321 in
534 3261 677 3321 extrema
709 3279 786 3321 voce
821 3258 1018 3340 producatur
1053 3257 1132 3320 item
1155 3256 1275 3335 elucet,
1313 3279 1389 3320 nam
1413 3259 1480 3321 tria

237 3363 363 3422 tantum
395 3359 543 3442 exempla
572 3360 789 3442 reperiuntur,
821 3361 1001 3444 exquibus
1025 3383 1123 3424 unum
1147 3364 1317 3425 excusatur
1341 3387 1356 3421 v
1379 3383 1479 3443 para-

236 3463 354 3548 gogico
377 3463 574 3548 supplendo:

658 3566 695 3631 O.
722 3575 761 3634 14
784 3568 862 3630 πᾶσι
886 3571 1050 3652 θρίαμβος.

326 3668 388 3733 Sed
420 3671 518 3733 etiam
550 3670 631 3734 dirae
654 3670 736 3734 aliae
760 3671 793 3734 in
816 3675 960 3734 extrema
982 3691 1061 3734 voce
1085 3672 1230 3734 extantes
1253 3673 1327 3732 ante
1351 3674 1480 3734 mutam

235 3771 358 3856 liquida
381 3777 537 3856 sequente
560 3773 788 3857 productiones
811 3796 830 3836 a
853 3773 930 3837 viris
953 3773 1056 3837 doctis
1079 3776 1222 3836 tentatae
1245 3776 1336 3836 sunt:

323 3875 360 3946 Τ.
387 3883 447 3944 178
470 3875 656 3940 Dindorfius
687 3877 795 3962 legere
829 3877 899 3941 vult
927 3899 986 3961 pro
1019 3885 1079 3952 τοῖς
1108 3875 1142 3938 δὲ
1166 3875 1308 3961 φρονοῦσι
1334 3913 1371 3924 -
1398 3885 1480 3941 τοῖσι

236 3980 269 4043 δὲ
306 3980 466 4066 φρονοῦσι,
505 3981 551 4043 ita
591 3985 627 4045 ut
667 3981 790 4044 oriatur
829 3981 975 4064 dactylus
1006 3980 1039 4044 in
1072 3979 1176 4062 primo
1217 3979 1316 4063 pede3
1362 3979 1480 4045 deinde

235 4081 272 4146 Ο.
299 4091 358 4151 169
382 4082 452 4144 πόδ’
477 4077 516 4144 nd
538 4084 668 4168 κροατίς
689 4106 748 4166 pro
771 4082 851 4153 πόδᾶ
877 4084 1015 4169 κρααοός,
1040 4105 1103 4167 quo
1118 4082 1191 4146 loco
1207 4081 1354 4164 Koppius
1377 4081 1480 4164 (Mus

235 4184 338 4255 Rhen.
357 4185 419 4251 vol.
435 4193 473 4252 41
494 4209 525 4269 p.
551 4187 625 4269 256)
645 4213 690 4264 τις
708 4192 782 4271 post
796 4210 908 4252 vocem
923 4189 1052 4273 κραπτίς
1066 4186 1269 4250 inserendum
1285 4205 1354 4248 esse
1368 4192 1479 4268 putat.

235 4287 358 4353 Tamen
380 4288 460 4352 nihil
483 4293 608 4352 mutare
631 4290 746 4369 ausim,
771 4291 831 4354 etsi
854 4294 941 4354 certo
956 4291 1130 4354 diiudicare
1150 4292 1232 4355 lianc
1251 4292 1480 4375 quaestionem

235 4390 367 4454 difficile
404 4396 460 4456 est.
507 4389 592 4455 Nam
626 4392 788 4456 Lucienus
826 4394 923 4456 etiam
959 4393 1031 4457 aliis
1067 4394 1101 4457 in
1137 4395 1232 4458 rebus
1269 4398 1336 4456 tam
1373 4394 1480 4459 libere

235 4496 373 4557 metrum
395 4494 560 4572 tractavit,
585 4498 620 4557 ut
643 4516 770 4559 causam
794 4517 858 4559 non
877 4496 1002 4560 videam
1026 4519 1082 4560 cur
1104 4497 1187 4560 hanc
1214 4495 1381 4559 licentiam
1402 4520 1479 4561 eum

235 4598 296 4661 sibi
319 4599 492 4681 sumpsisse
515 4621 678 4683 negemus,
712 4598 841 4662 Ceteras
860 4599 1087 4682 productiones
1102 4599 1190 4663 vides
1205 4599 1303 4683 longe
1317 4597 1478 4682 plurimas
