3120 5354
753 288 793 349 56

239 487 347 552 Etiam
378 486 584 552 Hermaunus
617 487 686 572 ipse
721 486 914 552 sententiam
950 510 1040 552 suam
1075 488 1113 552 de
1150 487 1264 552 meiuri
1299 488 1377 552 exitu

155 594 267 676 postea
289 590 439 655 reiecisse
462 590 597 655 videtur.
643 590 729 655 Nam
751 590 784 654 in
818 589 988 675 Epitomae
1011 593 1112 656 doctr.
1136 597 1229 658 metr.
1254 592 1385 657 editione

154 694 251 759 tertia
264 717 295 777 p.
313 700 373 763 128
387 694 426 757 de
440 697 551 758 nostro
574 716 685 760 versu:
709 693 894 773 „Correxi“,
913 693 1029 778 iuquit,
1058 693 1230 774 „ultimum
1253 717 1388 775 versum,

155 797 188 860 in
224 818 289 881 quo
322 795 711 881 ri1¹o5dvror·legebatur“,
749 797 884 881 praebet
924 798 1009 860 enim
1049 796 1107 861 illo
1143 796 1216 862 loco
1252 799 1393 882 probans

155 899 295 964 Bekkeri
318 899 536 963 coniecturam
568 898 734 978 εὖώδννον,
768 900 823 964 sed
861 898 923 963 hoc
954 888 1087 984 propter
1118 922 1247 964 sensum
1281 923 1395 985 pamm

155 1001 330 1067 verisimile
354 1006 411 1067 est.

648 1953 897 2024 Excursus.

246 2337 279 2402 Si
315 2337 348 2400 iu
380 2358 515 2400 excursu
548 2335 580 2398 iu
612 2333 746 2398 Luciaui
776 2335 961 2418 prosodiam
993 2336 1155 2420 inquirere
1180 2336 1326 2400 animum
1352 2337 1405 2400 in·

161 2443 326 2520 ducimur,
352 2439 489 2504 maxime
519 2439 697 2523 quaeritur,
731 2460 869 2523 quanam
893 2439 1018 2504 ratione
1042 2443 1137 2525 poeta
1161 2463 1236 2505 usus
1259 2441 1303 2506 sit
1327 2464 1405 2507 cor·

160 2546 307 2630 raptione
329 2543 386 2608 illa
409 2565 506 2628 qoam
536 2542 646 2606 dicunt
673 2541 826 2607 Atticam.
873 2541 911 2607 lu
929 2543 1055 2628 syllaba
1074 2542 1159 2608 enim
1182 2549 1257 2610 ante
1274 2549 1403 2608 mutam

161 2671 234 2715 cum
257 2647 379 2733 liquida
400 2647 568 2710 tractanda
590 2669 681 2710 suam
705 2646 773 2711 fere
797 2648 933 2732 quisque
954 2649 1052 2730 poeta
1074 2645 1221 2729 sequitur·
1238 2669 1403 2711 normam.

160 2750 195 2814 ld
218 2754 327 2813 tamen
357 2748 388 2812 in
424 2748 573 2812 omnibus
606 2748 776 2813 observare
808 2749 886 2813 licet
916 2751 1091 2812 extremam
1125 2748 1215 2812 vocis
1237 2748 1404 2832 syllabam

161 2875 259 2938 quam
283 2852 429 2936 sequitur
451 2849 642 2916 vocabulum
667 2874 686 2915 a
710 2856 798 2916 muta
822 2874 895 2917 cum
926 2851 1048 2936 liquida
1079 2851 1236 2936 incipiens
1269 2852 1402 2920 facilius

160 2955 280 3040 corripi
318 2958 350 3018 et
380 2954 484 3018 multo
515 2954 618 3018 rarius
645 2955 780 3039 produci
811 2977 908 3039 quam
940 2953 1098 3040 syllabam
1131 2976 1213 3039 quae
1235 2956 1346 3021 media
1369 2957 1403 3021 in

161 3080 240 3123 voce
262 3057 370 3122 locum
393 3057 511 3121 babeat
534 3060 608 3120 ante
631 3060 754 3121 mutam
777 3062 932 3141 sequente
954 3058 1087 3142 liquida.
1132 3057 1301 3123 Vocabula
1325 3082 1402 3124 cum

161 3161 225 3225 alia
248 3182 326 3225 voce
348 3160 401 3224 vel
431 3182 503 3224 cum
533 3161 773 3244 praepositione
804 3161 856 3226 vel
887 3183 959 3224 curn
983 3186 1003 3224 α
1026 3161 1185 3246 privativo
1216 3163 1404 3246 composita

161 3285 244 3348 quae
266 3264 300 3326 in
322 3265 392 3348 ipsa
408 3264 585 3328 comissura
608 3268 728 3328 mutam
753 3287 825 3328 cum
849 3264 971 3348 liquida
1001 3265 1167 3344 exhibent,
1199 3271 1404 3349 usurpantur

161 3365 253 3450 quasi
286 3388 303 3430 e
335 3365 459 3430 duobus
492 3369 690 3444 constarent,
723 3388 850 3450 exque
882 3367 1028 3450 sequitur
1059 3371 1096 3430 ut
1127 3389 1164 3431 ea
1187 3389 1317 3452 quoque
1342 3370 1401 3432 ad-

159 3470 295 3534 mittant
318 3469 555 3553 correptionem
588 3467 794 3533 lenissimam.
850 3469 914 3534 Res
946 3470 1056 3534 eadem
1087 3470 1155 3534 fere
1187 3471 1289 3535 estin
1314 3493 1401 3556 aug-

161 3579 271 3638 mento
304 3577 336 3638 et
366 3573 399 3637 in
430 3571 692 3657 reduplicatione.
737 3573 782 3639 Ut
814 3573 971 3657 exemplis
1008 3594 1090 3656 quae
1118 3572 1184 3636 dixi
1216 3572 1400 3656 explicem:

162 3678 195 3740 iu
235 3676 392 3740 iuncturis
426 3680 462 3741 ut
499 3673 541 3751 ὦς
573 3675 697 3757 δαίμονι
733 3681 873 3757 πληγείς,
909 3676 1166 3762 σιδηρόπλαστος,
1200 3678 1402 3761 περικρεμής,

159 3778 324 3862 ἄχρηστος,
349 3780 495 3859 ἐπλήγην,
525 3785 700 3863 πέπρακται
724 3777 827 3844 multo
860 3779 988 3844 facilius
1019 3778 1208 3863 corripitur,
1241 3801 1342 3863 quam
1366 3780 1402 3844 in

161 3889 254 3965 rryvp,
281 3882 385 3961 ὅπλον,
418 3888 543 3959 πέπλος,
566 3889 682 3967 πέτρος.
728 3880 793 3945 (lfr.
818 3869 941 3947 Goebel
970 3883 1007 3946 de
1031 3885 1168 3966 corrept.
1195 3880 1295 3946 Attio.
1322 3906 1355 3966 p.
1380 3894 1401 3952 8

161 3990 194 4049 et
215 4009 246 4070 p.
272 3993 322 4054 20.
368 3984 511 4060 Quorum
535 4006 657 4049 memor
679 3985 831 4068 inspicias
854 3985 952 4050 velim
974 3986 1119 4051 tabulam
1142 3989 1344 4070 sequentem,
1365 3988 1402 4051 in

159 4110 223 4172 qua
258 4110 368 4153 omnes
398 4087 463 4151 loci
503 4088 558 4153 ubi
594 4088 679 4171 apud
713 4087 889 4153 Lucianum
923 4088 1066 4153 vocalem
1095 4089 1224 4153 brevem
1249 4089 1403 4173 sequitur

158 4195 248 4254 muta
287 4212 358 4254 cum
390 4189 514 4274 liquida
543 4191 750 4257 inveniuntur
786 4191 923 4260 collecti.
976 4191 1182 4257 (leuticorum
1212 4195 1323 4256 tamen
1356 4194 1401 4258 ob

159 4317 270 4359 causas
293 4317 312 4357 a
334 4292 506 4378 Rumpelio
532 4293 645 4380 Progr.
670 4293 790 4359 luterb.
826 4304 907 4364 1866
930 4319 962 4379 p.
998 4295 1211 4379 l‘expositas
1233 4295 1402 4361 rationem

159 4418 223 4460 non
255 4396 354 4460 habui
383 4398 438 4461 sed
461 4418 498 4460 ea
521 4396 626 4462 solum
650 4397 798 4481 exempla
820 4397 939 4483 collegi
971 4419 1053 4482 quae
1076 4399 1110 4461 in
1132 4397 1289 4461 trimetris
1313 4398 1401 4463 iarn-

157 4498 238 4562 bicis
262 4503 389 4579 extant,
413 4500 540 4565 omissis
563 4501 661 4565 etiam
679 4501 719 4564 iis
741 4506 850 4565 mutae
873 4524 946 4566 cum
969 4502 1092 4586 liquida
1111 4499 1401 4568 coniunctionibus

159 4605 232 4666 ante
256 4624 335 4687 quas
358 4626 398 4668 ne
422 4603 536 4669 comici
559 4604 688 4688 quidem
711 4603 869 4690 syllabam
893 4605 1081 4690 corripiunt.
