3120 5354
767 298 806 356 39

167 494 437 581 Aristophanem,
462 495 518 579 qni
541 494 803 579 quadringenties
826 493 886 558 hac
910 496 1026 578 pedum
1050 495 1276 561 coniunctione
1294 498 1404 575 utitur,

166 597 422 682 frequentissimi
462 604 546 662 sunt.
605 596 643 660 In
684 601 837 681 quattuor
878 595 1027 682 Gregorii
1068 597 1228 684 Theologi
1269 600 1404 664 senariis

167 705 341 766 occurrunt
362 701 431 765 bini
454 722 650 784 quamquam
672 699 706 762 in
724 699 803 763 alias
825 700 1003 783 positiones
1018 705 1115 784 atque
1130 703 1214 785 apud
1227 701 1405 767 Lucienum

163 804 331 868 distributi
369 804 544 888 anapaesti.
601 804 735 868 Duobus
768 804 853 868 enim
884 803 963 868 locis
996 805 1080 887 apud
1112 825 1184 868 eum
1212 810 1404 888 anapaestus

165 907 201 970 in
225 907 329 990 primo
362 912 394 970 et
416 908 518 971 altero
551 909 631 990 pede
663 911 770 985 extat,
804 908 927 972 duobus
956 908 1036 972 locis
1059 909 1091 972 in
1116 908 1217 972 altero
1242 913 1274 972 et
1297 909 1403 987 tertio,

166 1031 264 1092 quam
288 1010 557 1076 consociationem
582 1011 742 1075 Lucianus
765 1032 828 1075 non
851 1012 994 1094 praebet.

253 1111 323 1177 Iam
346 1112 492 1177 venimus
515 1114 554 1177 ad
572 1113 751 1177 solutiones
763 1112 844 1177 varii
863 1114 991 1197 generis
1010 1114 1041 1176 in
1060 1135 1123 1177 uno
1138 1136 1233 1178 versu
1247 1118 1402 1179 extantes.

258 1215 374 1280 Tribus
409 1216 489 1280 locis
524 1216 690 1299 anapaesti
726 1221 759 1280 et
794 1215 950 1281 tribrachi
972 1217 1074 1281 iuncti
1096 1216 1259 1302 leguntur.
1314 1221 1403 1282 Ana·

165 1319 269 1402 pacati
303 1318 486 1383 coniunctio
518 1319 552 1383 in
573 1318 678 1403 prima
709 1319 783 1382 sede
807 1318 937 1384 admissi
960 1341 1032 1383 curn
1055 1319 1219 1391 tribracho
1250 1321 1284 1383 in
1305 1322 1403 1385 tertio

167 1421 296 1486 obviam
319 1421 357 1486 fit
378 1421 415 1485 Τ.
443 1429 502 1490 187
514 1447 521 1498 ;
555 1426 689 1505 quartus
721 1443 778 1505 pes
805 1419 929 1485 solutus
952 1423 985 1484 in
1008 1426 1233 1506 anapaestum,
1266 1423 1348 1487 alter
1370 1425 1403 1486 in

166 1524 355 1610 tribrachyn
386 1524 422 1588 Τ.
448 1531 527 1601 225;
564 1528 773 1608 anapaestum
806 1524 839 1586 in
871 1524 973 1588 altero
998 1525 1077 1609 pede
1102 1526 1308 1590 coniunctum
1331 1549 1402 1591 cum

164 1626 329 1692 tribracho
360 1628 394 1690 in
424 1627 520 1691 tertio
552 1627 733 1690 invenimus
756 1625 793 1690 Ο.
821 1633 890 1692 142.
937 1629 1114 1712 Anapaesti
1144 1650 1216 1692 cum
1239 1629 1403 1694 tribracho

164 1730 348 1795 coniunctio
380 1730 465 1814 apud
488 1729 741 1814 Aristophanem
770 1729 913 1793 omnium
946 1735 994 1794 est
1016 1730 1295 1814 frequentissima,
1330 1753 1403 1796 cunr

163 1833 196 1897 in
222 1841 283 1901 522
312 1833 468 1898 trimetris
502 1833 649 1897 iambicis
673 1837 841 1909 cernatur;
877 1833 1047 1918 permultis
1070 1834 1149 1898 locis
1173 1836 1281 1899 eadem
1307 1839 1403 1919 atque

163 1935 325 2002 Lucienus
346 1937 464 2021 pedum
487 1935 727 2001 consociatione
751 1937 862 2000 utitur.

251 2039 359 2104 Etiam
392 2041 477 2123 apud
499 2038 693 2125 Gregorium
717 2037 797 2104 Nar.
829 2040 862 2102 in
890 2040 1014 2104 duobus
1037 2041 1182 2104 versibus
1212 2045 1403 2125 anapaestos

163 2148 196 2207 et
221 2142 401 2208 tribrachos
424 2143 536 2207 iisdem
560 2144 696 2225 pedibus
719 2148 816 2227 atque
840 2144 925 2227 apud
948 2148 1093 2207 nostrum
1112 2148 1243 2227 poetam
1262 2143 1403 2208 inclusos

161 2245 457 2310 animadvertimus.
472 2246 496 2328 ¹)

250 2347 378 2433 Dactyli
411 2349 444 2412 in
476 2348 581 2433 prima
612 2349 685 2413 sede
709 2347 839 2412 admissi
863 2371 934 2412 cum
959 2348 1123 2412 tribracho
1146 2349 1179 2412 in
1203 2350 1299 2415 tertio
1323 2351 1402 2434 pedo

161 2451 362 2529 coniunctio,
396 2474 493 2535 quam
525 2453 609 2535 apud
632 2453 884 2536 Aristophanem
908 2475 1063 2538 persaepe
1087 2453 1284 2534 invenimus,
1319 2458 1403 2541 apud

160 2554 340 2620 Lucianum
373 2554 409 2619 Ο.
435 2562 474 2620 27
499 2558 532 2618 et
557 2562 617 2621 154
659 2557 817 2634 occurrit,
853 2557 974 2639 dactyli
1009 2557 1042 2620 in
1075 2557 1173 2621 tertio
1209 2560 1288 2641 pede
1326 2581 1402 2623 con-

159 2658 340 2742 iunguntur
373 2680 445 2722 cum
480 2657 653 2722 tribrachis
689 2658 722 2721 in
758 2658 860 2723 altero
883 2659 920 2723 Τ.
946 2667 1023 2736 256,
1050 2666 1128 2737 295,
1159 2668 1237 2737 306,
1268 2660 1304 2725 Ο.
1332 2670 1402 2740 158,

161 2781 263 2842 quam
294 2758 327 2822 in
358 2761 470 2824 eodem
495 2782 587 2824 versu
619 2760 891 2824 consociationem
918 2762 1036 2845 pedum
1059 2762 1139 2825 varii
1162 2764 1291 2848 generis
1314 2764 1402 2829 solu-

160 2866 271 2925 torum
310 2863 407 2925 etiam
444 2864 484 2926 ab
522 2862 739 2945 Aristophane
778 2861 876 2948 longe
912 2864 1060 2947 plurimis
1098 2864 1178 2929 locis
1214 2872 1403 2950 usurpatam

159 2964 319 3028 videmus.
365 2964 435 3030 Nec
457 2989 533 3031 vero
565 2972 632 3032 tam
664 2968 852 3052 frequenter
882 2971 966 3051 apud
991 2968 1241 3052 Aristophanem
1274 2971 1402 3034 obviam

159 3067 202 3129 fit
225 3064 304 3130 haec
327 3088 345 3129 a
368 3066 510 3132 Lucieno
533 3069 677 3133 adhibita
700 3070 901 3147 coniunctio,
926 3075 961 3133 ut
983 3071 1130 3155 dactylus
1153 3073 1186 3136 in
1207 3073 1305 3136 tertia
1329 3075 1402 3138 sede

158 3167 379 3253 coniungatur
413 3192 485 3234 cum
518 3171 684 3236 tribracho
707 3172 739 3235 in
764 3173 884 3256 prima,
923 3176 957 3235 ut
981 3172 1016 3235 Τ.
1040 3180 1099 3241 253
1125 3213 1165 3221 -
1199 3175 1285 3258 quod
1318 3176 1403 3239 idem

159 3272 305 3337 occurrit
327 3275 412 3357 apud
435 3274 638 3339 Ezechielem
665 3283 724 3343 178
754 3313 786 3322 -
815 3275 864 3339 vel
888 3275 920 3338 in
944 3281 1058 3359 quarta
1081 3281 1118 3340 ut
1140 3276 1177 3340 Τ.
1198 3284 1268 3344 217.
1307 3279 1403 3362 Apud

157 3375 306 3460 tragicos
346 3376 485 3441 minores
530 3378 730 3462 dactylorum
772 3382 804 3441 et
842 3378 1079 3444 tribracborum
1121 3380 1305 3446 coniunctio
1342 3404 1402 3465 pro

157 3500 298 3543 numero
317 3480 531 3558 senariorum,
556 3481 612 3564 qui
626 3482 720 3545 nobis
734 3482 853 3546 servati
867 3486 958 3560 sunt,
983 3481 1134 3566 frequens
1148 3484 1275 3547 videtur
1294 3484 1402 3565 cased)

251 3581 400 3647 Omnium
416 3587 524 3647 autern
540 3584 801 3648 coniunctionum
817 3584 1094 3669 frequentissima,
1115 3608 1197 3670 quae
1212 3587 1246 3650 in
1260 3588 1402 3671 quinque

157 3683 318 3748 trimetris
349 3685 496 3750 iambicis
528 3687 703 3770 reperitur,
736 3691 799 3765 est,
834 3692 869 3750 ut
900 3688 1048 3771 dactylus
1075 3710 1147 3752 cum
1171 3695 1346 3774 anapaesto
1369 3691 1402 3754 in

158 3807 229 3849 uno
261 3808 354 3852 versu
386 3787 530 3874 legatur,
564 3812 628 3873 quo
661 3790 695 3853 in
726 3812 844 3875 genere
868 3791 1083 3876 coniungendi
1106 3793 1253 3877 dactylus
1277 3816 1403 3877 semper

157 3892 253 3954 tenet
274 3893 406 3956 tertium
429 3893 559 3976 pedem,
584 3899 776 3977 anapaestus
799 3899 914 3977 quater
936 3895 1087 3977 primum,
1111 3895 1147 3959 Τ.
1165 3905 1215 3974 60,
1239 3903 1307 3973 164,
1329 3904 1400 3974 216,

159 3998 237 4070 252,
260 3993 359 4058 semel
383 3995 529 4074 alterum,
555 3995 590 4061 Τ.
617 4004 688 4064 254.

160 4187 370 4196 -——-—-..—.-

252 4288 272 4352 ¹)
292 4288 484 4357 anapaestum
504 4289 534 4342 in
552 4289 645 4358 prima
663 4291 729 4345 sede
747 4309 809 4345 cum
831 4292 975 4346 tribracho
997 4294 1026 4347 in
1046 4295 1148 4363 quinta
1166 4293 1240 4347 solus
1255 4291 1402 4346 coniunxit

158 4372 292 4428 Ezechiel
309 4391 426 4444 exagog.
437 4376 479 4430 23.
500 4377 582 4446 Apud
597 4378 718 4432 eundem
735 4380 783 4432 149
798 4379 905 4448 primus
919 4399 967 4450 pes
982 4380 1089 4435 solutus
1104 4382 1146 4434 est
1161 4378 1190 4430 in
1205 4381 1401 4446 anapaestum,

155 4458 237 4513 alter
255 4458 285 4512 in
303 4459 480 4530 tribrachyn.

252 4544 272 4611 ²)
290 4545 382 4600 Semel
401 4547 477 4616 apud
491 4549 659 4617 Gregorinm
677 4550 844 4620 tribrachyn
862 4555 891 4605 et
910 4552 1055 4621 dactylum
1075 4551 1104 4620 in
1119 4548 1217 4605 eodem
1233 4568 1315 4605 versu
1335 4568 1386 4604 eoa

157 4631 274 4686 iunctos
293 4631 466 4687 invenimus:
488 4632 633 4703 dactylum
653 4633 683 4688 in
702 4636 801 4700 tertia,
821 4635 987 4705 tribrachyn
1005 4635 1035 4688 in
1054 4637 1157 4705 quarta
1176 4634 1249 4691 sede.
