3120 5354
245 508 381 573 Nullum
406 512 614 593 anapaestum
645 508 745 572 habet
767 509 830 572 tria
851 508 1009 573 vocabula
1032 508 1257 573 continentem.

245 613 328 680 Eas
352 612 534 697 anapaestis
557 613 590 676 in
608 613 713 694 prima
736 612 809 675 sede
832 611 978 676 admissis
1014 619 1050 678 17
1065 634 1129 676 uno
1144 611 1304 676 vocabulo
1319 633 1400 676 con·

159 716 312 780 tinentur.
366 715 447 781 Octo
479 717 663 800 anapaesti,
700 735 781 799 quos
815 737 831 777 c
863 715 986 779 duobus
1018 714 1183 779 vocabulis
1213 716 1400 800 composuit

158 824 274 903 poeta,
298 842 317 882 a
339 818 538 903 tragicorum
560 841 620 882 usu
642 818 710 882 fere
733 817 831 882 alieni
853 822 937 882 sunt.
982 817 1054 881 Duo
1078 839 1197 903 genera
1218 819 1399 885 aLuciano

159 922 333 985 secundum
357 922 497 986 comicos
520 921 663 985 adhibita
685 945 703 984 a
727 921 860 1005 tragicis
883 920 977 1004 plane
1000 920 1107 985 aliena
1129 926 1212 985 sunt.

731 1131 748 1212 ς·
774 1137 822 1195 11.

410 1285 454 1354 ue
478 1286 669 1371 anapaestis
694 1286 723 1354 in
747 1284 855 1354 altero
879 1283 961 1370 pede
980 1284 1143 1354 admissis.

245 1440 463 1524 Reperiuntur
493 1440 526 1504 in
549 1440 683 1504 Luciani
711 1440 857 1504 versibus
891 1461 1006 1504 novem
1035 1441 1201 1525 anapaesti
1232 1441 1266 1504 in
1289 1441 1396 1506 altero

158 1544 277 1608 senarii
312 1544 409 1628 pede,
451 1566 589 1628 quorum
623 1543 753 1628 plurimi
790 1566 854 1608 uno
893 1543 1050 1607 vocabulo
1082 1543 1275 1608 conformati
1307 1550 1396 1609 sunt.

160 1647 336 1732 Anapaesti
353 1669 417 1712 uno
437 1646 595 1711 vocabulo
615 1647 759 1732 expressi
776 1647 807 1710 in
824 1651 977 1731 quattuor
992 1646 1110 1712 classes
1124 1647 1222 1712 dividi
1237 1652 1396 1730 possunt:

160 1750 193 1834 l)
217 1750 273 1835 qui
295 1750 430 1836 integris
452 1749 630 1834 trisyllabis
653 1750 818 1815 vocabulis
842 1749 1039 1828 efficiantur,
1074 1751 1106 1833 2)
1130 1751 1185 1835 qui
1207 1772 1320 1814 vocem
1345 1752 1396 1815 in-

160 1853 298 1936 cipiant,
328 1854 361 1938 3)
385 1853 441 1938 qui
467 1853 501 1916 in
533 1853 638 1918 media
661 1875 756 1932 voce,
789 1853 823 1937 4)
848 1853 904 1937 qui
933 1853 967 1916 in
997 1853 1061 1916 fine
1093 1853 1160 1917 eius
1191 1855 1289 1938 positi
1318 1855 1394 1919 sint.

158 1955 234 2021 Non
267 1961 356 2022 extat
385 1957 515 2041 quidem
546 1957 730 2041 exemplum
761 1957 794 2020 iu
817 1955 919 2020 altero
942 1957 1022 2039 pede
1065 1956 1150 2041 quod
1182 1961 1396 2041 anapaestum

158 2081 198 2123 ex
237 2060 372 2148 integra
400 2082 479 2125 voce
511 2064 711 2125 constantem
746 2061 919 2145 praebeat,
960 2061 1023 2125 nisi
1059 2064 1268 2144 anapaestum
1303 2060 1395 2125 illius

158 2186 285 2244 versus,
316 2166 355 2229 de
386 2187 450 2249 quo
482 2188 578 2250 supra
601 2167 619 2250 ἓ
645 2175 683 2234 10
706 2167 804 2231 verba
835 2166 988 2243 fecimus,
1012 2164 1048 2229 Τ.
1075 2171 1135 2231 112
1168 2170 1302 2240 τελεταῖς
1330 2164 1396 2229 huc

157 2267 278 2332 referre
303 2268 458 2333 volumus.
1122 2341 1126 2348 ,

245 2368 308 2434 Sex
347 2375 455 2435 autem
497 2372 644 2457 exempla
681 2373 815 2457 praebet
837 2372 998 2436 Lucienus
1035 2376 1296 2455 anapaestum,
1339 2373 1396 2457 qui

158 2473 290 2537 vocibus
306 2473 380 2558 plus
394 2496 490 2558 quam
503 2478 568 2540 tres
583 2475 724 2559 syllabas
740 2475 979 2540 contineutibus
989 2474 1182 2539 efficiuntur.
1206 2474 1396 2560 Eorumque

247 2578 278 2661 1)
303 2581 457 2661 quattuor
486 2581 629 2664 expressi
652 2583 726 2643 sunt
749 2579 910 2664 prioribus
932 2578 1080 2643 vocabuli
1102 2577 1253 2661 syllabis:

200 2680 236 2744 T.
262 2687 323 2749 262
347 2688 534 2765 κατέπεφνον
557 2682 630 2766 (nisi
649 2683 836 2767 tribrachyn
853 2683 933 2747 haec
951 2705 1013 2747 vox
1032 2681 1141 2760 efficit,
1161 2682 1222 2746 vid.
1242 2689 1396 2766 excurs),

262 2790 322 2852 275
346 2785 522 2870 κατάρατοι,

201 2886 238 2956 O.
284 2894 324 2955 62
348 2889 545 2973 στρατιώτης,
570 2897 609 2957 67
633 2893 775 2966 ἐλελίξας.

242 2991 332 3056 Haec
368 2992 535 3077 anapaesti
570 2993 675 3058 forrna
707 2996 823 3076 quater
852 2994 886 3056 iu
921 2992 1104 3056 nominibus
1138 2991 1277 3076 propriis
1311 2992 1396 3075 apud

156 3093 343 3178 Euripidem
366 3096 398 3159 in
422 3095 542 3160 fabulis
560 3093 666 3181 Iphig.
681 3095 757 3160 Aul.
782 3099 814 3160 et
833 3095 973 3181 Cyclope
998 3098 1095 3174 extat,
1119 3095 1219 3160 semel
1236 3095 1271 3158 in
1288 3095 1395 3180 tragi-

157 3218 267 3261 corum
290 3199 452 3263 minorum
474 3198 665 3285 fragmentis
688 3200 721 3263 iu
744 3199 840 3283 Pyth.
865 3199 929 3267 fab.
954 3203 1051 3282 satyr.
1075 3199 1171 3283 frgm.
1194 3197 1219 3262 Ι.
1247 3206 1285 3266 16
1311 3204 1396 3260 σίτου

157 3299 345 3380 διαπέμψαι,
408 3300 469 3365 Sed
506 3307 538 3366 et
573 3304 611 3368 de
644 3303 763 3367 fabulis
799 3303 947 3386 satyricis
979 3307 1010 3366 et
1043 3303 1081 3366 de
1111 3301 1166 3378 iis,
1205 3301 1239 3364 in
1276 3301 1396 3384 quibus

156 3402 327 3485 Euripides
349 3404 395 3468 ita
418 3405 524 3485 solvit,
548 3406 634 3470 valet
657 3407 829 3491 quodiam
852 3407 978 3491 saepius
1001 3405 1160 3471 monitum
1183 3408 1241 3469 est.

241 3503 356 3591 Neque
375 3507 469 3573 aliter
487 3515 584 3594 atque
602 3511 636 3575 in
655 3515 903 3594 anapaestorum
922 3533 1049 3596 genere,
1073 3511 1159 3594 quod
1176 3509 1271 3573 modo
1287 3507 1395 3584 attuli,

156 3631 225 3674 rem
243 3632 277 3674 se
294 3610 424 3689 habere,
448 3613 474 3676 si
495 3613 607 3677 mediis
625 3613 677 3679 vel
695 3614 929 3697 posterioribus
948 3614 1035 3678 vocis
1051 3611 1184 3697 syllabis
1199 3613 1397 3695 anapaestus

158 3713 298 3778 efficitur
328 3714 623 3781 animadvertimus.
661 3715 747 3781 Nam
771 3717 948 3782 solutiones
983 3715 1094 3801 quales
1112 3714 1273 3779 Lucianus
1296 3713 1399 3778 habet

157 3818 254 3882 duas:

201 3920 237 3989 Τ.
264 3919 924 4012 1561οσ1κύαμοτ1,ἳῦὸΒελλρεροφόνήης
962 3926 1039 4009 (quo
1076 3922 1147 3987 loco
1183 3923 1400 4004 anapaestum

259 4026 372 4091 mediis
395 4027 497 4106 vocis,
529 4049 612 4111 quae
635 4028 777 4092 continet
800 4050 916 4092 nomen
940 4027 1124 4112 proprium,
1147 4022 1281 4107 syllabis
1305 4045 1400 4087 com-

258 4131 400 4214 positum
423 4130 591 4215 videmus),

158 4233 328 4318 Euripides
361 4235 478 4299 iterum
513 4258 578 4299 non
614 4236 677 4300 nisi
705 4237 889 4301 nominibus
915 4236 1055 4321 propriis
1083 4234 1186 4318 iisque
1213 4233 1399 4317 perpaucis,

158 4360 240 4420 quae
270 4337 334 4401 alic
367 4337 461 4402 modo
491 4338 640 4402 trimetro
671 4339 770 4403 inseri
792 4362 857 4403 non
880 4343 1031 4424 possunt,
1060 4359 1227 4420 expressas
1249 4340 1400 4422 praebet.

158 4439 248 4503 Haec
284 4445 358 4504 sunt
390 4441 570 4524 Ἰφιγένεια,
617 4442 707 4504 cuius
741 4443 880 4505 nominis
915 4442 1038 4505 mediae
1075 4441 1219 4523 syllabae
1254 4443 1401 4526 saepius,

155 4542 351 4628 Ἐριχθόνιος,
371 4542 520 4630 Ἑρμιόνη,
539 4544 763 4624 Νεοπτόλεμος,
783 4566 918 4628 quorum
934 4545 1129 4630 posteriores
1151 4547 1296 4631 syllabae
1320 4570 1403 4613 ana·

157 4651 305 4731 paestum
329 4646 479 4713 formant.
517 4647 690 4712 Praeterea
712 4649 812 4713 semel
834 4649 867 4712 in
892 4648 978 4732 Cycl.
999 4658 1060 4718 647
1084 4649 1125 4727 ὥς
1148 4651 1320 4732 αὐτόματον
1338 4655 1404 4734 τόν,
