3120 5354
708 323 800 414 ,,2,1

162 522 261 586 certis
285 544 302 585 e
324 522 520 607 tragicorum
544 523 700 586 trimetris
728 525 852 586 remota
875 525 959 585 sunt·
1005 520 1125 586 Contra
1147 520 1262 585 comici
1284 523 1399 604 poetae

161 625 285 690 habent
315 625 460 709 dactylos
495 625 529 688 in
557 626 670 711 quinto
702 624 821 690 senarii
851 624 923 690 loco
959 667 993 675 -
1030 624 1258 708 Aristophanis
1289 622 1400 687 fabula

162 729 287 794 Eccles.
306 733 449 813 excepta,
464 729 498 793 in
521 752 584 815 qua
602 728 684 793 nulli
702 728 865 814 leguntur.
880 767 918 775 ψ
937 728 1139 793 comicorum
1160 750 1253 792 usum
1271 731 1400 791 secutus

163 837 213 897 est
231 833 409 911 Lucianus,
433 855 506 897 cum
528 833 561 897 in
585 834 698 918 quinto
721 833 802 916 pede
823 832 988 916 dactylum
1003 833 1153 897 admittat
1167 836 1200 896 et
1213 831 1246 895 in
1261 831 1399 916 singulis

162 937 300 1021 dactylis
323 936 499 1002 formandis
522 938 655 1002 eandem
677 958 824 1000 normam
847 939 1011 1020 sequatur.

249 1038 318 1105 Iam
341 1041 380 1104 ad
403 1040 549 1126 singulos
571 1040 717 1124 dactylos
740 1043 951 1104 transeamus.

751 1246 770 1329 a
794 1253 823 1310 7.

445 1402 489 1470 no
512 1401 654 1487 dactylis
677 1402 708 1471 111
731 1401 835 1487 primo
858 1401 940 1486 podo
962 1401 1127 1471 admissio.

250 1558 388 1623 Omnino
419 1558 573 1643 leguntur
603 1557 689 1642 apud
712 1557 889 1622 Lucianum
912 1563 954 1624 64
976 1554 1097 1640 dactyli
1126 1577 1185 1639 pro
1209 1556 1324 1621 iambis
1347 1555 1399 1620 vel

160 1662 328 1747 spondeis,
364 1669 401 1727 17
434 1661 467 1725 in
490 1660 614 1744 primo:
647 1659 683 1725 Τ.
710 1669 759 1738 19,
784 1667 834 1739 24,
860 1667 909 1738 29,
941 1667 1010 1738 141,
1037 1667 1107 1738 170,
1134 1665 1204 1738 172,
1231 1667 1301 1737 179,
1326 1666 1397 1736 238,

162 1773 236 1844 286,
260 1774 332 1844 304,
356 1773 428 1833 309.
474 1763 511 1829 0.
537 1772 586 1842 13,
612 1770 662 1842 20,
687 1771 737 1843 27,
761 1772 811 1842 65,
837 1772 887 1843 69,
914 1770 984 1831 154.

249 1877 290 1938 45
312 1869 345 1934 in
368 1869 484 1934 tertio:
521 1868 558 1934 T.
583 1875 633 1948 21,
658 1875 709 1948 24,
733 1876 784 1950 26,
809 1878 859 1949 60,
884 1877 934 1949 67,
960 1877 1010 1946 70,
1036 1874 1107 1945 142,
1133 1875 1203 1945 145,
1230 1874 1300 1945 149,
1326 1872 1397 1944 164,

164 1981 236 2051 169,
263 1981 333 2052 170,
359 1980 429 2052 172,
455 1980 526 2051 183,
551 1979 623 2051 216,
647 1980 719 2051 217,
744 1980 816 2051 219,
841 1980 912 2052 222,
938 1979 1009 2050 228,
1034 1978 1106 2050 239,
1131 1978 1203 2049 240,
1228 1978 1299 2048 252,
1325 1976 1396 2047 253,

161 2084 236 2154 254,
269 2084 340 2152 256,
374 2083 445 2155 257,
479 2083 550 2155 295,
583 2084 655 2144 306.
701 2075 738 2141 Ο.
764 2084 793 2153 7,
820 2083 868 2154 13,
893 2083 943 2154 29,
968 2084 1019 2154 33,
1043 2083 1094 2152 35,
1121 2082 1172 2153 41,
1196 2082 1246 2152 50,
1271 2080 1322 2151 62,
1346 2082 1396 2151 63,

160 2190 214 2259 86,
238 2188 290 2257 91,
316 2187 387 2257 108,
412 2187 484 2258 110,
511 2187 580 2260 127,
609 2190 679 2259 138,
705 2189 775 2260 158,
802 2190 872 2250 159.

250 2283 325 2348 2111
348 2282 480 2367 quinto:
503 2281 541 2348 Ο.
569 2291 617 2363 16,
642 2292 691 2353 25.

252 2386 283 2470 1)
306 2385 416 2470 Atque
447 2387 481 2450 in
513 2388 618 2471 primo
650 2389 730 2472 pede
760 2410 817 2453 sex
839 2388 919 2453 locis
948 2387 1095 2471 dactylus
1118 2387 1302 2451 continetur
1333 2407 1396 2448 uno

162 2491 292 2576 integro
315 2489 492 2554 vocabulo:

287 2592 324 2656 Τ.
372 2600 410 2662 19
433 2594 595 2674 πνεύματι,
621 2603 680 2663 179
704 2593 804 2674 ἤπιον,
828 2603 889 2664 238
912 2594 1034 2677 δόχμιος
1057 2593 1128 2677 (111.
1152 2594 1344 2676 excursum).

287 2695 323 2761 0.
350 2704 410 2764 154
431 2697 545 2776 νήπιος.

285 2798 321 2864 Τ.
367 2799 542 2868 293111100.

284 2900 321 2966 Ο.
367 2910 407 2970 65
430 2903 547 2983 μηδενί.

245 3002 296 3068 Ita
318 3005 500 3089 Aeschylus
523 3009 555 3069 et
572 3005 749 3090 Sophocles
771 3028 844 3070 raro
867 3006 1044 3090 spondeum
1065 3003 1245 3081 solverunt,
1269 3004 1397 3087 saepius

158 3112 270 3172 autem
291 3107 462 3191 Euripides
495 3109 529 3172 in
557 3109 676 3173 fabulis
703 3110 893 3192 posterioris
916 3107 1047 3185 aetatis,
1080 3108 1114 3170 in
1136 3107 1253 3192 quibus
1275 3107 1397 3171 maiore

158 3211 292 3275 licentia
325 3234 401 3276 usus
433 3216 490 3276 est.
537 3211 601 3277 cfr.
625 3211 784 3296 Rumpel:
829 3211 890 3276 Die
916 3211 1145 3296 Aufldsungen
1171 3210 1215 3274 im
1238 3210 1398 3275 'Primeter

157 3315 214 3379 des
238 3313 412 3398 Euripides
435 3315 567 3400 (Philol.
590 3320 668 3380 tom.
695 3322 735 3381 24
757 3339 789 3399 p.
812 3316 907 3398 412):

249 3415 340 3494 ,wir
362 3418 496 3483 ersehen
520 3441 578 3482 aus
600 3419 656 3482 der
678 3417 1033 3504 Zusammenstellung,
1066 3419 1138 3482 dass
1162 3419 1219 3482 der
1240 3416 1397 3502 Dactylus

158 3520 192 3583 in
216 3520 275 3584 den
300 3520 422 3586 11111111
445 3522 628 3607 Tragddien
650 3522 714 3586 fast
737 3544 798 3585 nur
820 3523 864 3585 im
886 3523 1005 3586 dritten
1030 3520 1054 3584 F
1056 3543 1129 3585 usse
1152 3522 1216 3584 und
1232 3543 1317 3583 zwar
1339 3544 1396 3585 aus

156 3621 328 3688 mehreren
353 3623 505 3689 Witrtern
538 3624 682 3710 gebildet
713 3626 896 3691 vorkommt
925 3625 988 3688 und
1012 3628 1079 3688 erst
1100 3624 1134 3687 in
1156 3625 1217 3687 den
1237 3625 1396 3709 jiingeren

156 3725 242 3789 auch
265 3725 309 3790 im
332 3734 439 3792 ersten
462 3728 563 3792 Fusae
587 3728 649 3793 und
672 3750 729 3793 aus
753 3728 858 3792 einem
872 3727 968 3792 Wort
990 3728 1167 3792 bestehend
1191 3727 1393 3791 1611111111.α

245 3828 361 3894 Tribus
393 3830 473 3895 locis
503 3831 537 3895 in
568 3832 766 3917 tragicorum
799 3831 959 3895 minorum
992 3831 1127 3895 senariis
1158 3830 1314 3895 vocabula
1338 3832 1397 3894 tri·

159 3932 286 4018 syllaba
310 3934 473 4018 dactylum
498 3936 661 4001 efficiunt:

453 4038 625 4107 Theodect.
654 4047 702 4118 lo,
728 4046 746 4105 2
769 4039 845 4118 ἥλιε,
870 4047 898 4117 2,
925 4047 938 4104 l
964 4044 1087 4123 μητέρα.

453 4141 600 4227 Pompei.
624 4143 724 4207 Macr.
748 4141 774 4220 Ι,
799 4152 816 4210 3
840 4149 962 4227 μητέρα.

886 4244 951 4309 611.
974 4245 1112 4309 Mueller
1134 4270 1164 4330 p.
1191 4252 1241 4310 11.

245 4343 283 4409 In
314 4346 394 4411 duos
429 4348 543 4413 horum
582 4349 727 4414 locorum
764 4349 864 4428 cadit,
901 4350 986 4434 quod
1020 4349 1116 4435 longe
1145 4348 1294 4432 plurimis
1316 4348 1395 4414 locis

156 4448 257 4511 etiam
279 4450 364 4532 apud
391 4451 533 4537 tragicos
562 4451 635 4517 illos
657 4453 820 4538 principes
843 4453 1012 4517 observare
1035 4474 1206 4536 possumus
1245 4457 1395 4517 accentus

153 4550 308 4615 vocabuli
337 4555 369 4615 et
390 4575 501 4618 versus
532 4555 708 4620 concidere.
755 4555 874 4620 Contra
896 4555 1056 4620 Lucianus
1086 4555 1183 4634 facit,
1216 4554 1272 4638 qui
1296 4555 1396 4619 comi·

156 4674 272 4719 corum
311 4653 400 4741 leges
440 4657 590 4722 metricas
631 4662 760 4722 secutus
795 4658 986 4742 plerumque
1023 4658 1122 4722 habet
1156 4657 1320 4741 dactylum
1356 4680 1394 4722 ex
