3120 5354
807 321 961 411 ..έδ-

264 516 359 580 caret.
407 549 445 559 ·-
492 512 642 579 Ceterum
682 537 806 580 memor
845 517 907 581 fuit
949 518 1110 584 Lucienus
1154 521 1301 586 locorum
1341 524 1501 609 Euripidi·-
1517 510 1556 579 3

264 614 344 679 Hec.
370 623 451 682 532:

520 719 630 801 σιγᾶτ’,
649 720 772 803 Ἀχαιοὶ,
798 729 869 802 σῖγα
891 725 953 799 πᾶς
975 726 1051 788 ἐλπω
1074 727 1160 805 λεώς,

521 828 603 902 σίγα,
625 824 752 887 σιώπα.
770 825 894 906 νήνεμον
917 826 945 888 δ)
970 829 1065 906 έστηδ
1090 828 1184 912 ὄχλον.

264 929 296 988 et
319 924 531 1009 Aristophau.
556 925 683 991 Thesm.
708 936 749 995 39
773 950 863 1012 sqq.:

522 1028 655 1112 εᾶφημος
678 1032 741 1106 πᾶς
763 1034 840 1094 ἔστω
863 1033 945 1111 λαός,

521 1239 610 1320 ἐχέτω
634 1238 667 1301 δὲ
690 1241 786 1315 πνοὰς
808 1240 932 1321 νήνεμος
954 1243 1060 1328 αἰθήρ.

264 1339 328 1404 cfr.
353 1340 525 1406 Mesomed.
554 1369 586 1396 =
615 1341 749 1426 Dionys.
774 1343 884 1427 hymn.
908 1342 939 1408 ll

595 1444 728 1531 (Bergk.
753 1445 886 1512 Anthol.
910 1447 1011 1531 lyrica
1033 1471 1064 1532 p.
1090 1452 1176 1533 522.)

521 1548 697 1631 εᾶφαμιίτω
720 1550 782 1625 πᾶς
804 1550 902 1633 erl-‘trip
925 1556 1011 1614 κ.τ.λ.

265 1649 595 1734 (Otr.'Schneidewin.
606 1650 771 1738 Philolog.
784 1651 846 1718 vol.
858 1651 916 1718 ΙΙΙ.
932 1677 963 1738 p.
980 1661 1041 1723 262
1057 1661 1090 1720 et
1104 1655 1198 1741 (torp.
1214 1656 1312 1724 Inscr.
1328 1657 1385 1724 Gr.
1397 1661 1507 1743 6765.)

350 1771 403 1835 Ab
417 1771 467 1836 his
482 1774 664 1856 anapaestis
682 1773 721 1852 ii,
746 1774 801 1857 qui
814 1773 848 1837 in
861 1773 925 1838 fine
939 1774 1254 1861 Tragodopodagrae
1268 1801 1318 1844 vv.
1333 1786 1509 1849 325-334

264 1875 433 1960 leguntur,
469 1897 533 1940 non
563 1875 716 1939 differunt
747 1876 809 1940 nisi
841 1898 896 1955 eo,
934 1878 1019 1961 quod
1046 1879 1224 1962 permultas
1248 1880 1428 1947 solutiones
1452 1906 1510 1947 ex·

264 1980 393 2044 hibent:
430 1979 564 2063 spondei
596 1984 629 2041 et
658 1977 778 2062 dactyli
810 1980 929 2044 totiens
962 1982 1144 2064 anapaestis
1175 1984 1435 2064 substituuntur,
1474 1992 1509 2051 ut

264 2087 331 2149 fere
364 2083 576 2149 cumulentur.
623 2081 683 2147 Sed
707 2082 799 2146 utin
830 2084 984 2161 senariis,
1017 2085 1063 2148 ita
1087 2085 1185 2149 etiam
1207 2086 1260 2151 hic
1283 2091 1377 2152 cavet
1398 2093 1510 2172 poeta,

265 2210 321 2266 ne,
345 2187 401 2251 ubi
423 2185 569 2268 dactylus
592 2208 651 2269 pro
675 2191 849 2270 anapaesto
871 2187 1018 2271 ponitur,
1046 2193 1201 2273 quattuor
1222 2190 1336 2255 breves
1360 2191 1511 2276 syllabae

264 2292 435 2356 continuae
459 2293 660 2366 concurrant,
676 2312 757 2373 quas
779 2290 914 2372 praebet
936 2291 1063 2375 dipodia
1082 2313 1121 2356 ex
1139 2292 1267 2377 dactylo
1284 2298 1318 2357 et
1330 2300 1512 2379 anapaesto

264 2397 443 2479 composita
470 2397 619 2478 (π’..α
643 2408 779 2453 vv!-
794 2399 823 2474 ),
856 2394 961 2478 qualis
993 2398 1042 2459 est
1066 2399 1120 2457 καλ
1149 2395 1244 2481 μύρον
1274 2398 1389 2480 ἐπιχεῖς
1424 2402 1513 2484 apud

265 2497 363 2561 Arist.
388 2496 463 2561 Pac.
490 2502 560 2565 169.
606 2496 721 2582 Neque
744 2497 854 2581 posuit
877 2496 1036 2560 Lucienus
1074 2539 1107 2547 -
1134 2497 1167 2562 id
1193 2500 1279 2583 quod
1301 2499 1513 2567 tolerabilius

265 2601 391 2665 videtur
414 2638 453 2649 ·-
478 2601 641 2684 dactylum
664 2601 697 2664 in
715 2600 779 2664 fine
799 2600 932 2683 prioris,
958 2604 1167 2684 anapaestum
1181 2601 1213 2665 iu
1228 2602 1321 2669 initio
1335 2604 1512 2694 proximae

263 2703 588 2786 dipodiae,1rtldur.
613 2703 662 2769 nl.
689 2710 771 2772 1328

622 2825 758 2915 δᾶρσεο·
782 2823 944 2900 Παλλάδος
965 2822 1052 2886 ὁσίαν
1076 2825 1166 2900 ἣξεις.

351 2943 466 3027 Neque
489 2966 529 3008 ex
543 2943 781 3029 anapaestovel
804 2945 946 3027 spondeo
968 2950 1000 3008 et
1022 2943 1151 3028 dactylo
1173 2943 1302 3028 dipodia
1325 2949 1514 3030 composita

266 3049 346 3111 est.⁴⁴
361 3046 417 3112 Bis
440 3051 548 3112 autem
572 3047 764 3111 terminatur
786 3048 928 3131 spondeo
951 3048 1041 3132 prior
1058 3048 1201 3131 dipodia,
1225 3047 1328 3112 altera
1342 3071 1361 3111 a
1375 3050 1513 3134 dactylo

265 3149 379 3232 incipit
391 3174 398 3213 ε

472 3252 508 3316 Τ.
533 3259 594 3319 3⁶25
618 3256 736 3315 Πολλαλ
759 3258 878 3338 μορφαὶ
902 3251 1180 3336 contrapadum,

531 3363 593 3423 330
617 3359 648 3417 εἰ
668 3357 704 3418 τᾶ
729 3353 884 3433 δοκηθέντ’
909 3354 961 3417 οὐκ
984 3360 1138 3436 ἐτελέσθη,

266 3496 347 3559 qum
382 3478 548 3557 praeterea
584 3475 826 3540 memorandum
863 3480 911 3540 est
947 3497 986 3539 ex
1020 3475 1099 3540 solis
1130 3476 1266 3562 dactylis
1297 3481 1331 3540 et
1353 3480 1515 3561 spondeis

266 3578 462 3660 compositos
486 3600 574 3654 esse;
596 3578 680 3642 idem
703 3578 791 3643 valet
811 3580 850 3643 de
873 3600 985 3643 versu:

546 3697 583 3761 Τ.
608 3705 669 3766 332
693 3700 754 3774 πᾶς
775 3697 933 3781 ᾶνεχέσθω
956 3700 1017 3762 τῶν
1040 3701 1227 3783 πασχόντων.

353 3819 523 3884 ansuram
557 3819 678 3884 habent
710 3841 821 3884 omnes
855 3842 966 3884 versus
988 3824 1063 3903 post
1085 3821 1200 3903 pedem
1231 3821 1409 3886 secundum
1456 3846 1516 3889 ex-

265 3928 359 4007 cepto
392 3923 507 3987 ultimo
532 3923 761 4008 {paroemiacm
797 3924 853 4007 qui
885 3945 1017 3988 caesura
1049 3927 1145 3988 caret.
1191 3922 1341 3988 Imitatus
1373 3929 1428 3990 est
1460 3927 1516 3992 his

266 4026 411 4091 versibus
425 4025 585 4090 Lucianus
600 4025 804 4109 Euripidem,
830 4026 913 4110 apud
936 4049 1032 4111 quem
1056 4027 1089 4090 in
1107 4026 1171 4090 fine
1189 4027 1352 4104 Androm,
1372 4027 1516 4109 Alceat.‚

266 4128 383 4193 Bacch.
407 4128 545 4213 legitur:
1151 4199 1153 4203 ,

574 4234 693 4294 {latter
715 4236 834 4316 μορφαὶ
858 4232 918 4293 τῶν
940 4230 1110 4310 δαιμονίων

574 4336 670 4397 πολλὰ
695 4333 722 4396 δ’
746 4333 885 4410 ἀέλπτως
908 4339 1063 4420 κραίνουσι
1087 4338 1175 4396 θεοί.

576 4443 628 4499 καὶ
651 4439 687 4498 τᾶ
711 4436 865 4516 δοκηθέντ’
890 4437 943 4499 oda
964 4441 1107 4516 ἐτελέσθη

575 4541 636 4602 πᾶν
658 4538 687 4601 δ’
710 4538 866 4618 ᾶδοκὴτων
888 4539 981 4624 πόρον
1003 4538 1071 4623 εὗρε
1094 4542 1177 4619 θεός,

578 4652 653 4706 [οἷον
676 4643 705 4704 δ’
730 4642 829 4726 ἀπέβη
851 4642 920 4706 τάδε
944 4645 1080 4727 πρᾶγμα.
