3084 5370
760 285 799 346 55

165 485 266 572 δέρμα
290 491 387 561 πίπνς.
412 484 604 550 Schuel'erus
620 485 657 547 ad
673 483 749 548 Eur.
772 484 852 548 Hoc.
873 484 1006 550 Porson.
1028 482 1059 549 v,
1082 493 1142 553 293
1163 485 1199 568 Ρζ
1216 492 1255 552 25
1272 484 1400 571 δέρματι

159 595 253 666 πίπνς
281 588 390 674 legere
418 588 496 653 vult.
565 588 624 652 Sed
664 610 735 651 cum
772 587 834 652 hoc
866 593 977 652 contra
1007 610 1135 652 sensum
1172 588 1214 651 sit
1251 587 1400 672 praefero

156 692 180 757 J
183 693 265 756 ensii
281 696 312 756 et
328 692 504 755 Hermanni
528 691 746 754 coniecturam
768 695 865 769 πίτυϊ,
888 713 1085 777 quamquam
1107 697 1257 757 accentus
1280 693 1397 757 obstat.

105 870 107 875 ¹
160 796 197 860 Si
221 796 382 860 Lucienus
419 797 452 858 in
489 794 604 858 ultimo
636 796 715 878 pede
738 794 932 858 vocabulum
962 795 1092 859 adhibet
1121 795 1193 879 plus
1217 818 1312 880 quam
1336 800 1401 860 tres

105 880 108 923 ἶ
159 899 305 983 syllabas
321 899 501 975 continens,
521 883 802 982 ‘antepaenultima
821 899 880 963 sub
894 899 995 962 ictum
1020 898 1113 962 cadit.
1160 898 1247 962 Nam
1261 897 1400 984 legimus

461 1001 497 1066 Τ.
523 1008 584 1068 323
609 999 771 1079 ἀνώδυνον,
795 1007 858 1068 324
881 1001 1096 1086 admitterer,

158 1127 301 1189 quorum
324 1126 472 1169 versuum
497 1103 690 1186 compositio
714 1126 827 1188 parum
852 1103 983 1188 elegans
1006 1104 1142 1169 videtur.

251 1207 286 1272 ld
310 1207 413 1293 egisse
437 1207 563 1271 videtur
586 1211 699 1290 poeta,
731 1212 767 1270 ut
798 1212 907 1272 sextus
934 1229 991 1291 pes
1015 1207 1272 1273 conformaretur
1294 1207 1401 1271 iambo

158 1317 194 1376 et
230 1310 428 1396 paenultima
465 1309 590 1394 syllaba
626 1314 794 1374 accentum
832 1310 975 1379 haberet.
1022 1309 1082 1375 Sed
1117 1316 1166 1375 ter
1204 1333 1262 1395 pro
1291 1311 1400 1374 iambo

157 1416 287 1500 positus
319 1417 367 1477 est
398 1413 622 1497 pyrrhichius:
668 1413 704 1477 Τ.
729 1420 805 1489 318,
831 1419 908 1485 323,
933 1420 1004 1480 324.
1050 1413 1188 1489 Quintus
1218 1412 1401 1497 pestribus

155 1519 193 1582 in
216 1517 362 1582 versibus
386 1518 545 1600 spondeus
560 1520 624 1580 est:
650 1516 686 1580 T.
703 1524 775 1594 314,
791 1522 863 1593 321,
880 1523 952 1584 323.
990 1515 1093 1593 Quam
1117 1518 1158 1582 ob
1177 1539 1245 1581 rem
1265 1514 1399 1581 G.Her-

157 1643 297 1685 mannus
320 1618 359 1683 el.
384 1619 483 1684 doctr.
508 1623 599 1683 metr.
624 1643 655 1702 p.
680 1626 742 1686 355
767 1622 875 1682 censet
896 1618 1037 1682 dubitari
1059 1640 1154 1702 posse
1178 1640 1241 1702 quo
1267 1640 1399 1682 numero

157 1724 301 1788 finiatur.
327 1723 464 1806 Propter
486 1722 643 1805 spondeos
667 1721 742 1784 illos
769 1726 934 1804 ,apertum
955 1725 1034 1799 est“,
1058 1722 1174 1807 inquit,
1203 1744 1284 1800 ,non
1306 1743 1400 1805 posse

154 1827 198 1892 de
228 1826 382 1910 paeonico
412 1825 500 1888 exitu
532 1825 677 1909 cogitari.
730 1823 850 1900 Quodsi
882 1825 954 1908 quis
983 1823 1113 1888 ultimas
1145 1826 1223 1889 duas
1254 1823 1396 1909 syllabas

157 1930 202 1994 ab
225 1928 359 2013 reliquis
383 1927 510 2012 seiungi
533 1927 630 2005 volet,
656 1928 741 2010 quod
772 1949 847 1990 sane
879 1927 1066 1991 conveniret
1088 1950 1159 1992 cum
1185 1929 1399 2014 descriptione

155 2032 446 2118 grammaticorum
469 2030 531 2094 hoc
553 2030 667 2094 modo:

511 2179 1004 2188 -----

466 2186 1104 2212 *vv-‘vv-vw-vv-vvv*

153 2296 225 2336 non
242 2272 375 2336 habebit
391 2275 476 2334 certe
493 2293 555 2354 qno
576 2271 726 2335 carminis
743 2270 830 2335 illius
845 2279 1043 2339 versum323
1061 2272 1220 2336 defendat.
1246 2271 1307 2347 Qui
1325 2294 1397 2336 cum

155 2397 268 2460 neque
299 2375 458 2438 sententia
481 2373 607 2438 laboret
630 2397 688 2438 nec
712 2373 806 2437 facile
831 2374 950 2461 corrigi
977 2397 1072 2460 posse
1096 2376 1258 2455 videatur,
1289 2376 1397 2440 nescio

153 2488 202 2544 an
226 2479 289 2543 boc
319 2478 413 2542 metri
444 2499 546 2562 genus
579 2500 617 2542 ex
656 2481 844 2541 tetrametro
874 2478 1033 2563 dactylico
1057 2483 1090 2542 et
1111 2474 1399 2562 dipodia'iambica

152 2581 375 2666 compositum
413 2581 455 2644 sit
496 2602 533 2644 ea
571 2580 660 2666 lege,
703 2584 739 2643 ut
778 2580 969 2665 plerumque
1005 2582 1134 2666 dipodia
1164 2582 1226 2646 ista
1261 2582 1399 2646 iambica

149 2686 291 2766 longam
313 2683 492 2759 anacrusin,
517 2682 655 2747 solutam
679 2688 786 2747 autem
809 2684 946 2768 primam
970 2686 1056 2750 arsin
1079 2685 1206 2764 habeat,
1230 2687 1264 2749 in
1287 2686 1398 2769 dacty-

149 2789 223 2854 lico
247 2792 352 2852 antem
376 2786 433 2850 illo
456 2785 589 2850 ultimus
612 2809 668 2870 pes
691 2785 882 2871 plerumque
905 2788 1050 2874 dactylus
1073 2789 1128 2853 sit:

692 2922 697 2937 ¹
731 2944 782 2960 w
844 2891 1138 2979 υυδῦι-’ῦν-.

247 2991 297 3057 Ita
319 2993 381 3057 iam
405 3015 533 3058 versum
556 2993 648 3058 illum
673 2999 759 3058 recte
782 2994 961 3060 tuebimur:

353 3097 474 3180 κοῦφον,
497 3098 636 3181 ἐλαφρόν,
660 3096 785 3182 ἄδριμν,
808 3101 1028 3183 βραχνβλαβές,
1051 3097 1211 3160 ἀνώδυνον.

246 3217 335 3281 Haec
366 3216 449 3281 ratio
477 3217 504 3280 si
527 3239 602 3281 vera
633 3221 693 3295 est,
724 3218 843 3300 poterit
876 3241 985 3283 versus
1016 3219 1114 3282 etiam
1144 3241 1225 3302 puro
1258 3218 1399 3282 diiambo

149 3320 210 3385 vel
238 3319 402 3384 tribracho
430 3324 462 3383 et
496 3320 603 3383 iambo
633 3320 735 3398 finiri,
765 3325 925 3386 caeterum
957 3321 1138 3406 elegantior
1168 3322 1230 3385 erit
1269 3343 1401 3386 caesura

154 3424 249 3488 facta
271 3423 304 3487 in
327 3423 390 3487 fine
414 3424 515 3506 partis
534 3423 721 3506 dactylicae.
767 3424 811 3487 Et
828 3425 950 3488 habent
967 3425 1050 3488 banc
1074 3447 1238 3489 caesuram
1253 3424 1400 3508 plerique

156 3526 275 3590 horum
298 3533 479 3592 versuum“.
526 3526 588 3590 Sed
616 3527 691 3589 huic
724 3526 901 3590 Hermanni
932 3529 1109 3592 sententiae
1142 3551 1206 3592 non
1229 3529 1399 3592 assentior.

163 3629 233 3715 llgo
256 3635 336 3714 puto
361 3651 432 3693 oum
455 3630 677 3713 grammaticis
711 3629 742 3692 in
766 3629 828 3693 hoc
851 3629 944 3693 metri
969 3650 1087 3715 genere
1111 3631 1262 3695 ultimum
1285 3632 1398 3715 pedem

169 3730 266 3795 solum
291 3753 378 3806 esse,
404 3731 493 3794 cuius
517 3731 601 3794 ratio
625 3731 771 3794 habenda
794 3731 836 3794 sit
855 3735 887 3794 et
909 3731 1046 3797 formam
1071 3743 1181 3799 versus
1205 3756 1316 3798 revera
1333 3756 1400 3798 esse

172 3831 265 3899 hanc:

446 3938 1111 4028 —zz—:z—:z-vz—:zlv-

249 4039 340 4116 Quod
372 4041 410 4104 ad
436 4039 514 4104 illud
548 4041 700 4104 ἀνώδυνον
732 4043 872 4121 attinet,
910 4042 993 4107 nibil
1021 4044 1108 4109 aliud
1138 4046 1200 4109 nisi
1230 4044 1400 4128 productio

158 4138 248 4205 illius
271 4146 434 4227 &praeter
457 4145 723 4209 consuetudinem
747 4145 809 4209 boc
832 4146 904 4210 loco
928 4146 999 4209 fieri
1022 4148 1075 4211 sed
1095 4146 1245 4231 analogia
1264 4144 1399 4209 aliorum

153 4243 387 4309 adiectivorum
412 4247 451 4309 ab
476 4274 494 4308 o
518 4248 680 4330 privativo
703 4248 948 4331 incipientium,
979 4254 1015 4313 ut
1046 4250 1218 4326 ἀθάνατος,
1241 4248 1400 4324 ἀδύνατος,

148 4343 236 4408 satis
258 4349 404 4412 excusari
427 4348 506 4413 mihi
528 4350 663 4414 videtur.
679 4352 701 4434 ¹)

148 4511 362 4530 Ἣ...-

252 4625 270 4692 ¹)
289 4624 345 4678 cfr.
365 4625 452 4679 etiam
471 4642 573 4680 nomen
589 4621 712 4692 Ἀληκτὼ
730 4627 760 4680 Τ.
780 4630 803 4681 6.
