3120 5354
756 299 791 358 11

696 381 851 389 ---

198 502 233 567 Τ.
262 511 320 572 139
355 491 421 565 cide
453 501 612 585 ποδάγραν
634 499 705 584 (cfr.
729 499 931 581 excursum),
967 505 1027 566 140
1059 495 1125 561 οὔτε
1149 499 1297 581 lapidatas,
1331 507 1390 565 102

257 604 369 691 ἄλευρα
397 605 537 684 κυάμων,
576 611 635 670 173
664 601 813 678 Ἰουδαῖος
835 601 949 686 ἕτερον,
988 608 1049 670 248
1076 602 1206 680 τολμᾶτε
1227 600 1392 686 Ποδάγρας

258 708 331 793 (cfr.
355 706 555 790 excursum),
589 713 651 773 230
684 706 786 789 ἔσυρεν
808 703 923 776 ὀπίσω,
958 710 1019 772 259
1043 708 1170 789 ἐπείπερ
1193 705 1297 778 ἔπεσε,
1330 712 1391 773 205

257 809 362 887 11101ος
384 809 510 894 ἀφανής,
534 816 596 878 306
619 807 693 870 ἄλλα
716 807 850 880 δύναται,
874 817 937 877 308
960 808 1133 881 παύσασθε,
1155 808 1295 890 βάσανοι.

199 914 236 978 1).
264 922 321 981 171
346 912 439 976 ὁποῖα
461 913 604 996 Σάτυροι.

243 1049 293 1115 lta
329 1054 362 1114 et
396 1049 512 1135 tragici
540 1033 581 1112 ‘et
617 1047 729 1112 cornici
765 1048 951 1132 saepissime
991 1047 1134 1111 iambum
1171 1047 1266 1112 liuius
1302 1049 1391 1132 pedis

157 1154 333 1219 solverunt,
1082 1163 1085 1169 '

243 1292 275 1376 2)
312 1290 393 1356 llere
429 1291 512 1354 idem
549 1311 700 1354 numerus
737 1293 785 1353 est
818 1312 928 1354 eoram
964 1290 1218 1368 tribrachorum,
1255 1313 1392 1375 quorum

156 1394 294 1459 solutam
328 1395 415 1459 arsin
445 1393 609 1478 prioribus
636 1392 724 1458 vocis
747 1392 881 1477 syllabis
905 1415 1088 1477 expressam
1112 1396 1272 1459 antecedit
1293 1395 1393 1459 thesis

158 1498 383 1581 monosyllaba
405 1519 483 1562 voce
507 1497 630 1561 effecta.
654 1482 658 1489 ’

200 1634 237 1698 T.
265 1643 324 1703 146
346 1636 404 1720 γὰρ
423 1635 503 1718 ἐφύη,
529 1642 587 1701 221
607 1639 664 1715 μὲν
686 1637 801 1708 ἔλιπον,
826 1641 887 1704 223
905 1660 944 1715 με
967 1634 1095 1719 δέχεται,
1121 1646 1180 1705 233
1203 1662 1243 1717 με
1267 1637 1394 1720 dapenna,

262 1747 323 1807 246
346 1744 379 1803 σὲ
399 1745 516 1824 propat,
541 1747 602 1809 249
626 1738 641 1803 ὃ
665 1738 818 1823 Κρονίδας
840 1739 915 1823 (vid.
939 1742 1132 1822 excursum).

201 1842 238 1906 O.
266 1850 324 1910 102
341 1844 399 1929 γὰρ
415 1844 514 1919 ettae
525 1842 601 1928 (vid.
618 1842 813 1926 excursum),
839 1849 899 1911 135
912 1847 969 1923 μὲν
981 1841 1083 1924 inope,
1110 1852 1169 1914 158
1184 1847 1243 1930 γὰρ
1255 1845 1391 1928 ἀφανῶς.

244 1979 402 2044 Omnibus
433 1980 484 2044 his
516 1980 597 2045 locis
627 1979 727 2044 thesis
757 1980 917 2064 particula
940 1980 990 2044 vel
1022 1982 1212 2065 pronomine
1243 1982 1393 2047 enclitico

157 2105 231 2147 cum
253 2105 331 2148 voce
355 2085 562 2149 antecedente
586 2088 673 2147 arcte
695 2083 827 2164 ligando
851 2082 999 2147 efficitur.
1032 2084 1075 2148 Et
1093 2085 1208 2169 tragici
1228 2089 1261 2149 et
1279 2085 1393 2151 comici

157 2186 240 2249 hanc
274 2186 445 2251 solutionis
474 2187 611 2251 formam
645 2186 809 2269 praebent.
854 2186 960 2250 Etiam
988 2187 1238 2272 Aristophanem
1269 2187 1302 2251 in
1331 2189 1393 2253 hoc

158 2291 394 2355 tribrachcrum
427 2312 544 2375 genere
576 2289 691 2354 saltem
723 2290 915 2374 plerumque
946 2289 1051 2354 thesin
1084 2291 1263 2374 exprimere
1292 2293 1393 2376 parti-

159 2393 240 2458 culis
264 2393 315 2457 vel
337 2393 526 2477 pronomine
549 2393 715 2456 indefinito
739 2392 789 2456 vel
813 2392 926 2457 formis
951 2392 1114 2457 nonnullis
1137 2394 1295 2460 encliticis
1316 2420 1393 2481 pro-

159 2496 325 2560 nominum
348 2495 584 2579 personalium,
608 2517 690 2579 quae
714 2518 785 2560 cum
805 2496 1067 2561 antecedentibus
1085 2501 1171 2561 arcte
1191 2498 1393 2578 cohaereant,

156 2621 387 2683 nonnunquam
419 2603 528 2662 tamen
559 2599 657 2662 etiam
680 2598 808 2662 articuli
831 2599 952 2664 formas
975 2603 1008 2663 et
1028 2600 1186 2664 vocabula
1209 2601 1318 2684 qualia
1340 2605 1393 2680 μα’,

156 2707 194 2774 ἐν,
218 2702 247 2775 d,
269 2701 337 2781 λέγ’,
360 2701 431 2775 δέκ’,
455 2701 599 2766 adhibita
622 2723 707 2779 esse,
731 2700 882 2784 exposuit
904 2700 1080 2787 Widegren
1103 2726 1134 2787 p.
1158 2713 1187 2773 8.

245 2839 340 2923 Apud
362 2839 504 2924 tragicos
526 2838 666 2902 minores
690 2838 870 2902 invenimus
889 2843 1044 2923 quattuor
1062 2845 1188 2906 tanturn
1207 2843 1392 2926 particulas,

157 2965 241 3033 (puae
272 2943 377 3008 thesin
401 2943 568 3008 efficiunt:
593 2969 636 3023 τε,
658 2943 703 3023 δέ,
725 2950 792 3024 μέν,
816 2945 883 3030 γάρ.
921 2946 1009 3024 Loci,
1033 2968 1115 3030 quos
1128 2944 1305 3010 Muellerus
1327 2955 1392 3030 pl}

156 3047 191 3110 in
213 3047 353 3110 medium
377 3046 523 3130 protulit,
548 3051 623 3111 sunt
645 3047 698 3112 hi:

260 3190 309 3247 tr:
333 3181 401 3248 Ion.
425 3183 522 3269 frgm.
549 3191 605 3252 231
633 3184 712 3268 (fab.
736 3187 849 3269 satyr.)

332 3287 497 3372 Agathon·
521 3296 551 3366 4,
574 3311 604 3355 v,
630 3295 648 3354 2
672 3293 703 3353 et
727 3299 756 3357 5.

333 3391 498 3461 0110010111.
525 3400 573 3470 14,
600 3401 637 3461 13
661 3397 694 3456 01
719 3400 798 3471 17,2.

260 3495 309 3559 da':
335 3493 454 3559 Critiae
475 3495 572 3580 frgm.
597 3506 626 3573 5,
652 3503 679 3563 1.

333 3598 498 3662 Chaerem.
526 3605 629 3675 14,16,

331 3700 504 3765 Theodect.
530 3709 559 3778 6,
584 3709 612 3768 3.

383 3804 572 3869 Praeterea:

333 3907 528 3991 Lycophron
551 3907 725 3971 Alexandr.
750 3914 812 3976 874
836 3911 868 3970 01
895 3914 985 3975 1204.

331 4010 482 4075 Ezechiel
506 4018 560 4089 28,
585 4019 635 4087 56,
660 4018 711 4088 04,
739 4018 809 4090 149,
835 4018 915 4088 161;
940 4049 978 4058 -
1003 4010 1156 4076 abhorret
1179 4016 1287 4075 autem
1313 4019 1391 4079 167:

464 4115 492 4189 ἒς
516 4113 607 4195 ἴδιον,
630 4116 686 4179 ubi
709 4117 738 4192 ἐς
760 4114 901 4198 pertinet
924 4117 962 4179 ad
982 4138 1093 4180 vocem
1116 4118 1314 4200 sequentem,
1338 4116 1393 4180 sed

464 4215 668 4282 Ezechielem
709 4217 876 4302 aliquanto
912 4218 1189 4305 neglegentiorem
1225 4218 1323 4283 fuisse
1359 4219 1391 4283 in

464 4319 693 4404 componendis
725 4320 859 4386 senariis
888 4343 985 4407 quam
1009 4327 1132 4388 ceteros
1155 4325 1268 4408 poetas
1291 4320 1392 4390 Alex·

462 4421 613 4489 andrinos
636 4423 810 4489 tenendum
833 4430 892 4490 est.

233 4529 306 4601 pat:
331 4544 395 4589 uno
419 4528 544 4591 tanturn
567 4525 641 4591 loco
665 4525 788 4592 (larcin.
812 4536 842 4607 4,
869 4537 895 4594 1.

229 4626 307 4715 γάρε
330 4649 395 4693 uno
417 4631 543 4695 tantum
565 4629 637 4695 loco
660 4628 833 4696 Theodaet.
862 4638 911 4711 13,
937 4639 964 4701 l.
