3120 5354
697 297 851 388 *11-

156 494 246 578 (Oed.
271 494 309 558 R.
334 497 429 578 749),
470 494 640 578 quinquies
677 495 761 578 apud
792 495 996 578 Euripidem,
1031 496 1087 579 qui
1120 495 1182 560 hoc
1212 497 1245 560 in
1275 519 1393 583 genere

156 598 311 662 maiorem
343 597 508 661 licentiam
540 598 602 661 sibi
633 598 771 680 sumpsit
802 620 898 681 quam
921 598 1173 681 Aristophanes,
1207 601 1261 683 qui
1295 623 1393 664 unum

156 706 284 766 tantum
307 701 490 784 exemplum
513 701 647 784 praebet

505 803 579 888 Lys.
604 813 666 873 938
691 825 747 868 σε·
770 807 815 884 μὰ
839 808 889 868 τὸν
908 805 1050 870 Ἀπόλλω.

248 908 341 991 Apud
364 907 445 971 alios
467 912 579 991 poetas
602 908 700 972 talem
724 908 910 992 tribrachyn
933 910 1137 975 1011110111.

246 1013 278 1094 1)
301 1010 448 1095 Denique
474 1012 620 1076 venimus
643 1013 682 1076 ad
700 1011 903 1096 tribrachyn,
928 1014 983 1096 qui
1002 1036 1066 1077 uno
1084 1014 1213 1098 integro
1239 1016 1394 1081 vocabulo

160 1116 351 1198 exprimitur
374 1117 434 1193 ita,
457 1122 493 1180 ut
517 1139 555 1180 01
578 1117 740 1200 prioribus
764 1117 832 1181 eius
855 1117 989 1202 syllabis
1012 1124 1138 1183 constet

634 1218 671 1284 Ο.
695 1228 735 1287 45
763 1220 917 1296 11111111ος.

246 1321 337 1398 Quod
359 1323 504 1388 solvendi
526 1346 628 1408 genus
651 1324 789 1388 maxime
813 1328 862 1388 est
884 1324 1104 1388 memorabile.
1150 1326 1245 1410 Apud
1269 1327 1393 1390 nullum

160 1426 244 1489 enim
279 1430 407 1509 poetam
439 1427 501 1490 nisi
533 1428 616 1510 apud
641 1427 889 1510 Aristophanem
923 1428 1101 1506 invenitur,
1131 1450 1204 1493 cum
1227 1428 1396 1513 Sophoclis

160 1529 241 1592 illud
264 1528 340 1593 Oed.
374 1529 441 1594 Col.
476 1538 556 1598 1316
589 1535 686 1615 τρίτος
709 1529 737 1593 δ’
759 1530 909 1608 Ἐτέοκλος
941 1531 1069 1615 quidem
1101 1531 1164 1595 huc
1194 1532 1396 1596 referendum

161 1634 219 1709 sit,
250 1633 304 1696 sed
336 1637 466 1697 nomine
500 1634 631 1717 proprio
665 1638 843 1698 excusetur.
891 1632 940 1698 Ne
963 1633 1133 1718 Euripides
1158 1635 1303 1718 quidem,
1341 1637 1397 1719 qui

161 1736 229 1799 1010
259 1737 367 1800 omnia
390 1759 471 1820 quae
494 1736 654 1801 Lucienus
677 1759 796 1822 genera
819 1760 1012 1821 quamquam
1038 1737 1105 1801 1010
1128 1739 1231 1802 111110
1254 1739 1396 1823 praebet,

160 1838 258 1903 talem
295 1839 494 1904 tribrachum
535 1839 673 1903 admisit.
733 1840 829 1924 Apud
867 1840 1115 1924 Aristophanem
1152 1846 1258 1905 1110111
1287 1842 1397 1905 'multa

161 1947 274 2007 extant
297 1943 460 2028 exempla,
484 1965 566 2028 quae
589 1942 722 2028 collegit
745 1941 980 2028 Widegrenus:

205 2045 291 2111 Nub.
340 2054 420 2117 1282
444 2046 596 2133 ὁπότερον.

204 2149 302 2233 Vesp.
338 2158 418 2219 1383
443 2151 612 2234 ἐμαχέσατ’,
638 2159 718 2219 1385
742 2154 902 2234 κατέβαλε,
928 2157 1009 2218 1512
1031 2151 1166 2236 μακάριε
1190 2155 1285 2236 0101)

248 2253 313 2317 Eos
332 2248 528 2332 tribrachos,
552 2277 690 2339 quorum
705 2253 844 2337 primum
868 2258 995 2336 tempus
1018 2254 1172 2317 terminat
1195 2255 1397 2333 vocabulum,

160 2358 292 2422 tertium
323 2357 454 2441 incipit,
486 2358 624 2422 alterum
646 2380 724 2422 1000
755 2356 980 2440 monosyllaba
1003 2358 1202 2435 continetur,
1239 2357 1399 2421 Lucienus

161 2482 226 2523 nou
250 2461 435 2526 adhibuisse
458 2461 593 2524 videtur.
639 2459 725 2525 Nam
747 2461 781 2524 in
804 2483 898 2524 versu

359 2563 397 2630 0.
421 2572 461 2632 49
486 2569 600 2627 πείθου
624 2570 759 2644 λέγοντι·
784 2565 817 2626 τὸ
840 2570 936 2648 πέρας
960 2561 998 2625 ἄν
1020 2560 1204 2641 ὑποσπάσω,

163 2667 197 2728 τὸ
221 2672 316 2749 πέρας
346 2667 477 2731 difficile
502 2673 551 2732 est
573 2669 613 2731 ad
641 2667 904 2753 intellegendum.
964 2665 1119 2730 Boivinus
1151 2688 1209 2750 pro
1242 2668 1274 2728 τὸ
1306 2673 1402 2751 πέρας

162 2770 271 2855 legere
294 2771 399 2836 101111
421 2773 453 2834 τὸ
472 2772 573 2855 γῆρας.
614 2771 675 2834 Sed
700 2771 775 2853 quid
799 2770 860 2834 sibi
883 2769 953 2832 vult
976 2770 1008 2832 τὸ
1027 2770 1121 2854 γῆρας
1143 2767 1182 2831 ἂν
1203 2767 1401 2834 statuendae?

166 2871 219 2950 ,Si
242 2878 438 2940 senectutem
468 2896 572 2938 meam
596 2873 648 2937 vel
680 2873 854 2937 senectutis
882 2895 972 2936 meae
996 2895 1091 2956 opem
1115 2873 1176 2938 tibi
1198 2874 1398 2950 subtraxero,

162 2976 256 3040 stabo
286 2999 382 3042 senex
415 3000 493 3064 ego,
526 2982 561 3041 tu
584 2976 709 3041 1110110
737 2975 857 3040 iacebis
889 2976 1026 3040 humi“?
1072 2975 1221 3040 Fortasse
1251 2977 1284 3037 τὸ
1307 2982 1403 3058 πέρας

162 3080 324 3163 explicare
347 3103 516 3165 possumus
548 3109 579 3134 =
613 3079 732 3144 zuletzt
764 3083 795 3142 et
814 3080 852 3142 ad
870 3077 1014 3158 ὑποσπᾶν
1040 3106 1073 3134 --
1101 3078 1152 3142 ein
1178 3077 1260 3141 Bein
1288 3077 1402 3143 01011011

163 3183 270 3248 locum
318 3206 505 3268 comparare
554 3181 686 3246 Luciani
734 3181 768 3245 in
821 3182 1017 3259 „calumniae
1068 3204 1133 3246 nou
1175 3185 1296 3245 temere
1334 3203 1402 3246 esse

163 3287 372 3351 credendum*
414 3296 469 3366 10,
511 3286 566 3350 ubi
601 3287 639 3350 de
675 3284 908 3372 gladiatoribus
943 3285 1039 3349 dicit:
1086 3289 1139 3346 καὶ
1162 3285 1283 3370 πρῶτος
1314 3284 1404 3362 αὐτὸς

163 3387 288 3466 ἕκαστος
323 3380 404 3454 εἶναι
442 3391 640 3471 βουλόμενος,
685 3392 903 3474 παρωθεῖται,
950 3393 1003 3451 καὶ
1049 3389 1314 3472 παραγκωνίζεται
1355 3391 1405 3452 τὸν

163 3499 308 3573 πλησίον,
344 3498 397 3555 καὶ
428 3495 478 3555 τὸν
500 3495 559 3577 πρὸ
582 3490 689 3570 αὑτοῦ,
725 3491 761 3553 α’
787 3491 926 3569 δύναιτο,
960 3488 1087 3576 ὑποσπᾷ
1116 3495 1169 3552 καὶ
1197 3489 1401 3568 ὑποσκελίζει.

163 3595 299 3660 Mallem
323 3601 432 3661 tamen
454 3596 562 3682 legere
586 3617 659 3660 01111
682 3592 808 3679 Guyeto
832 3596 887 3669 τὰς
908 3600 1008 3679 χέρας,
1031 3615 1187 3658 0110101
1214 3601 1289 3663 170:

420 3699 556 3772 δέξασθε
574 3706 679 3783 χεῖρας
701 3699 755 3774 τὰς
777 3699 851 3777 ἐμὰς
873 3698 933 3781 πρὸ
956 3697 1007 3759 τοῦ
1030 3704 1146 3775 πεσεῖν,

165 3803 320 3887 quoniam
356 3803 402 3866 ita
435 3823 561 3865 sensum
603 3801 731 3886 quidem
768 3800 984 3865 nanciscimur
1015 3799 1150 3879 bonum,
1184 3802 1244 3867 nisi
1268 3802 1401 3866 dubium

165 3909 266 3983 esset,
303 3910 408 3969 utrum
438 3910 529 3989 χέρας
559 3904 665 3968 forma
701 3903 844 3967 Lucieno
875 3903 974 3966 tribui
1007 3908 1123 3986 queat,
1156 3927 1230 3969 111111
1272 3904 1404 3989 reliquis

164 4009 263 4087 10010,
296 4009 413 4092 quibus
443 4009 476 4072 iu
509 4007 642 4072 Luciaui
672 4007 818 4071 versibus
851 4030 959 4085 01010,
991 4006 1047 4089 qui
1079 4007 1243 4086 dicuntur,
1277 4007 1401 4091 obliqui

164 4110 254 4176 10010
267 4118 335 4195 χεῖρ
353 4111 515 4196 leguntur,
538 4109 692 4173 traditum
712 4114 761 4172 est
773 4133 843 4192 χειρ
858 4159 864 4173 .
879 4158 910 4188 .,
934 4131 997 4172 non
1012 4134 1067 4194 χερ
1084 4159 1091 4173 .
1107 4160 1114 4172 .
1131 4110 1189 4174 011.
1208 4110 1244 4173 Τ.
1267 4117 1315 4187 17,
1342 4117 1402 4175 122

163 4213 384 4299 (Hermaunus
408 4214 536 4298 quidem
560 4213 657 4278 etiam
681 4213 838 4277 hocloco
857 4213 978 4297 χέρας),
1003 4219 1083 4291 287,
1108 4213 1146 4277 O.
1170 4221 1228 4291 49,
1255 4220 1324 4279 170.

254 4315 332 4381 Cum
357 4317 458 4402 igitur
480 4317 641 4381 Lucienus
663 4317 696 4380 in
720 4324 784 4385 404
806 4317 962 4381 trimetris
987 4316 1101 4402 viginti
1124 4321 1157 4380 01
1185 4337 1284 4378 unum
1317 4316 1404 4379 tertii

164 4420 256 4506 pedis
275 4420 456 4485 tribrachos
480 4421 678 4500 adhibuerit,
712 4443 768 4486 001
791 4421 930 4512 primae,
966 4420 1083 4506 viginti
1107 4419 1248 4503 quinque
1271 4418 1404 4483 alterius

257 4629 275 4693 ¹)
293 4627 387 4681 Unum
406 4627 549 4682 invenitur
568 4627 656 4682 etiam
675 4627 812 4682 Ezechiel.
831 4628 865 4680 54
883 4626 966 4694 ἔλεξα,
984 4631 1045 4686 πῶς
1063 4623 1179 4694 ἐγένετο.
