3120 5354
686 312 728 372 45

178 514 261 598 quod
289 510 468 597 permultos
503 510 662 594 spondeos
691 509 841 573 omnibus
879 508 912 572 in
947 507 1080 591 pedibus
1110 505 1263 570 exhibent
1295 509 1326 568 81

139 617 286 681 ationem
309 616 341 678 in
359 613 523 697 dactylum
541 613 724 677 admittunt.

179 719 214 783 ln
236 719 347 803 paucis
370 717 534 795 versibus,
568 722 627 783 129
641 722 755 792 -137,
780 715 987 778 inveniuntur
1013 722 1050 781 15
1074 713 1208 798 spondei
1231 715 1264 777 et
1289 719 1326 778 15

139 823 270 906 ipaesti.
316 821 483 906 Spondeus
515 820 560 883 ita
582 822 710 904 regnat,
741 821 777 881 ut
799 818 868 882 iure
891 817 1056 902 anapaesti
1083 814 1247 900 spondiaci
1270 836 1328 897 ap·

139 924 207 989 lari
229 925 363 1010 possint.

180 1028 253 1094 Uno
283 1050 376 1092 versu
408 1035 467 1095 135
500 1025 633 1110 spondei
668 1025 750 1090 arsis
785 1025 835 1089 bis
867 1024 899 1088 iu
931 1023 1010 1087 duas
1042 1020 1155 1086 breves
1186 1020 1328 1104 syllabas

139 1136 200 1195 ,118
223 1134 281 1209 881,
306 1135 340 1194 01
363 1131 467 1195 forma
490 1130 531 1194 811
555 1129 652 1194 haec:
689 1140 816 1188 -όυ
829 1162 926 1213 s
938 1127 988 1214 1,-
1005 1125 1228 1213 »ναι-4,
1252 1147 1328 1190 con-

139 1236 160 1294 b
191 1234 291 1318 igitur
323 1234 374 1298 hic
404 1254 514 1299 versus
544 1255 583 1297 ex
610 1232 686 1297 solis
715 1230 852 1316 dactylis
876 1236 909 1296 81
931 1233 1090 1316 spondeis.
1135 1232 1223 1297 Ideni
1246 1232 1331 1296 cadit

139 1360 180 1402 v.
206 1345 275 1406 129.
312 1337 485 1402 Caesuram
508 1336 606 1400 etiam
627 1338 761 1402 Luciani
781 1359 890 1401 versus
914 1341 988 1420 post
1008 1337 1147 1421 priorem
1165 1335 1328 1420 dipodiam

139 1446 215 1504 »ent
238 1445 372 1524 excepto
395 1462 423 1504 v.
451 1447 521 1519 137,
545 1462 642 1524 quem
665 1441 789 1506 codices
812 1440 858 1504 ita
880 1440 1054 1524 praebent:

503 1551 570 1620 ταῖς
591 1543 620 1606 δ’
643 1547 792 1628 εἰαρινοῖς
814 1543 919 1630 ὥραις.

180 1646 251 1710 Viri
283 1647 370 1712 docti
399 1645 556 1712 hocloco
579 1647 818 1731 paroemiacum
841 1647 1072 1712 restituendum
1098 1669 1166 1711 esse
1188 1651 1329 1712 censent.

145 1749 164 1812 i
186 1755 292 1814 autem
315 1751 454 1815 scribare
474 1748 605 1814 volunt:

470 1855 565 1932 ‘culed‘
589 1857 772 1940 εἶαριναῖσιν
793 1861 823 1918 du
845 1855 950 1940 ὥραις.

182 1956 343 2021 Seidlerus
390 1959 641 2042 transpositione
683 1960 853 2024 verborum
897 1959 1004 2024 locum
1041 1959 1216 2023 sanandum
1261 1981 1330 2023 0888

139 2061 233 2127 180111

513 2165 607 2251 ὥραις
631 2176 698 2244 ταῖς
721 2169 916 2253 είαριναῖσιν,

147 2265 409 2332 1000101818010
432 2267 546 2334 melius
569 2270 712 2336 videtur:

498 2370 593 2458 ὥραις
616 2373 716 2436 ταῖσδ’
739 2377 932 2459 είαριναῖσιν.

181 2468 303 2536 Similis
325 2494 375 2536 res
399 2473 498 2537 88110
516 2474 679 2540 nonnullis
698 2474 769 2540 aliis
792 2476 955 2540 versibus:
981 2499 1008 2540 1.
1036 2482 1095 2544 129
1116 2475 1148 2539 10
1168 2474 1330 2539 codicibus

139 2592 232 2638 unam
255 2575 353 2640 habet
374 2576 476 2643 hanc:

410 2685 490 2762 Σίγα
511 2687 568 2762 μὲν
589 2684 685 2767 αἰθὴρ
708 2688 760 2746 καὶ
783 2683 906 2763 νήνεμος
928 2684 1016 2760 ἴστω,

184 2804 212 2844 v.
240 2789 299 2849 132
322 2805 392 2867 sqq.
414 2783 515 2848 hanc:

302 2889 404 2968 βαίνει
427 2886 549 2968 δαίμων
570 2894 703 2952 σκίπωνι
725 2890 818 2971 βάσιν
839 2891 1050 2975 στηριζομένη.

299 2995 420 3073 χαίροις
439 2990 588 3075 μακάρων
611 2994 687 3054 πολὺ
710 2992 876 3076 πραοτάτη,

302 3096 355 3153 καλ
377 3099 441 3168 σοῖς
463 3092 629 3178 προπόλοις
651 3096 739 3172 ἵλαος
761 3097 876 3175 ἔλθοις,

295 3195 431 3277 Ὄμματι
454 3196 590 3282 φαιδριῖ,
613 3197 696 3277 δοίης
714 3197 747 3261 δὲ
770 3199 874 3274 πόνοις
896 3199 981 3261 λόσιν
1003 3198 1123 3265 cincius.

183 3298 263 3363 Cum
287 3300 411 3366 Pelleto
447 3307 522 3387 post
553 3324 665 3367 vocem
695 3303 788 3386 βάσιν
823 3325 941 3368 novum
973 3326 1098 3370 versum
1132 3302 1332 3386 incipientes,

139 3401 211 3466 cula
241 3409 296 3465 καί
325 3405 357 3468 10
389 3427 481 3470 versu
515 3413 574 3472 127
604 3405 726 3484 deleta,
760 3406 1333 3492 01010101181018118010110001110

139 3508 231 3581 08181,
254 3505 416 3590 legemus:

404 3614 482 3691 Σῖγα
504 3615 561 3691 μὲν
582 3611 691 3695 αίθηρ,
713 3610 837 3691 νήνεμος
859 3613 935 3675 listro

405 3718 457 3776 καὶ
480 3714 541 3791 πᾶς
563 3713 727 3799 ποδαγρῶν
749 3713 941 3797 εὖφημείτω.

404 3816 453 3879 ίδε
475 3819 552 3902 πρὸς
575 3822 711 3898 θυμέλας
733 3816 749 3896 ἦ
774 3819 948 3903 κλινοχαρης

404 3923 507 4002 βαίνει
530 3920 651 4002 δαίμων
674 3926 807 3984 σκίπωνι
829 3921 922 4003 βάσιν

405 4026 614 4109 στηριζομένη.
634 4029 756 4108 χαίροις
775 4024 925 4110 μακάρων

407 4127 483 4188 πολὺ
506 4128 661 4212 πραοτάτη
685 4131 737 4189 καὶ
760 4134 825 4202 σοῖς
847 4128 1012 4211 προπόλοις

405 4229 492 4305 ἵλαος
514 4230 619 4305 ἔλθοις
639 4227 755 4308 όμματι
779 4228 915 4314 φαιδρῷ,

405 4331 488 4412 δοίης
510 4331 544 4394 δὲ
567 4333 671 4409 πόνοις
692 4332 778 4395 λόσιν
800 4330 913 4396 01κεῖαο

405 4436 501 4522 ὥραις
523 4435 624 4500 ταῖσδ’
647 4437 840 4524 είαριναῖσιν.

183 4535 274 4611 Quod
305 4541 498 4623 στηριζομένη
521 4562 599 4605 voce
630 4540 742 4606 linitur
772 4544 948 4622 sententia,
985 4545 1115 4626 poterat
1137 4563 1234 4609 causa
1257 4567 1335 4623 asse,

139 4661 153 4701 r
187 4637 334 4704 librarius
369 4665 425 4724 per·
448 4666 588 4707 81101810
613 4667 724 4710 vocem
747 4647 851 4729 ipsam
876 4648 979 4712 versui
1004 4646 1206 4711 antecedenti
1228 4647 1335 4733 appli-
