3120 5354
785 315 939 405 -a-a*

328 510 434 575 Semel
456 510 681 596 monosyllabo
705 518 759 574 καί
780 512 920 577 efficitur
942 513 1076 598 spondei
1099 514 1199 579 thesis
1223 513 1259 579 T.
1286 522 1357 584 104.

328 630 365 696 ln
397 633 508 715 paucis
539 633 761 698 tantummodo
793 633 939 696 versibus
970 634 1130 717 spondeus
1160 633 1318 718 incipiens
1354 634 1458 718 integr

243 732 404 817 bisyllabo
435 735 609 813 vocabulo,
643 737 728 820 quod
756 757 873 800 nornen
896 736 1063 820 proprium
1087 759 1156 801 esse
1179 737 1278 815 solet,
1312 696 1524 819 expressud

242 843 309 902 est:
343 844 400 916 92,
434 846 490 916 94,
527 846 602 916 101,
630 843 726 907 1071.
777 838 950 923 Longioris
985 839 1133 905 vocabuli
1168 841 1261 905 initio
1297 839 1472 904 efficiuntur

243 941 394 1026 spondei,
417 942 473 1026 qui
496 942 655 1025 incipiunt
678 965 728 1006 vv.
748 951 787 1010 93
814 946 846 1006 et
872 950 942 1008 111.
979 943 1126 1026 Denique
1150 945 1324 1007 notandum
1344 943 1476 1008 mediam

243 1045 454 1127 paroemiaci,
487 1085 511 1092 --
544 1046 600 1129 qui
631 1045 818 1129 ceteroquin
850 1046 963 1110 iisdem
990 1046 1057 1110 fere
1080 1046 1207 1132 legibus
1230 1046 1348 1131 quibus
1371 1068 1479 1110 versus

243 1147 439 1212 acatalectus
470 1148 633 1212 subiectus
665 1153 714 1212 est
750 1187 781 1194 --
818 1153 943 1232 partem
967 1149 1033 1212 fere
1057 1150 1206 1214 omnibus
1229 1149 1309 1213 locis
1333 1150 1480 1234 longiore

243 1250 401 1314 vocabulo
425 1272 609 1334 expressam
637 1272 715 1316 esse.

332 1371 421 1435 Haec
443 1372 482 1435 de
505 1372 696 1454 anapaestis.

328 1489 496 1576 Sequitur,
521 1496 556 1555 ut
579 1491 736 1556 dicamus:

820 1784 837 1864 d
865 1791 912 1849 18.

681 1954 726 2023 bo
747 1953 1007 2024 Anacreontion.
1026 1955 1048 2035 ¹)

328 2143 375 2210 Ut
406 2145 438 2208 in
472 2144 621 2209 omnibus
655 2143 722 2208 fere
745 2143 940 2208 carminibus
964 2165 1046 2228 quae
1068 2144 1106 2208 ad
1132 2142 1284 2228 Cybelem
1307 2145 1489 2227 pertinent,

243 2247 289 2310 ita
322 2246 420 2310 etiam
452 2248 485 2311 in
510 2246 644 2311 Luciani
676 2245 821 2311 versibus
844 2246 880 2311 Τ.
905 2254 1030 2315 30-53
1064 2251 1219 2322 metrum,
1257 2248 1344 2329 quod
1367 2247 1491 2312 dicitur

243 2348 475 2429 ἀνακλώμενον,
507 2348 603 2414 huius
632 2349 759 2434 generis
789 2349 966 2414 carminum
998 2349 1183 2434 proprium,
1219 2347 1400 2414 adhibitum
1427 2356 1489 2416 est.

243 2452 311 2519 Iam
336 2455 590 2527 Anacreontem,
614 2474 632 2516 a
656 2474 720 2535 quo
744 2451 806 2516 boc
829 2452 1005 2516 carminum
1025 2473 1127 2536 genus
1145 2473 1263 2516 nomen
1278 2451 1386 2530 habet,
1410 2476 1488 2518 raro

244 2556 414 2621 admodum
445 2577 544 2639 puros
576 2553 699 2619 ionicos
727 2555 884 2619 ominari
908 2576 1079 2639 usurpasse
1123 2554 1354 2638 efragmentis
1388 2555 1489 2620 nobis

243 2659 377 2723 servatis
395 2658 474 2723 satis
488 2662 631 2742 apparet.
662 2657 750 2722 Idem
765 2658 862 2722 etiam
877 2659 962 2741 apud
976 2657 1169 2742 posteriores
1184 2657 1489 2723 Anacreonteorum

244 2783 394 2827 versuum
431 2761 570 2826 artifices
604 2761 845 2846 cognoscimus,
883 2760 939 2846 qui
970 2761 1107 2825 maiores
1138 2759 1171 2824 in
1203 2759 1265 2824 hoc
1297 2765 1402 2826 metro
1428 2763 1488 2827 ad·

243 2865 383 2930 hibendo
427 2864 575 2929 licentias
611 2863 672 2928 sibi
717 2868 941 2948 sumpserunt3
987 2869 1023 2928 ut
1058 2865 1142 2948 apud
1180 2862 1416 2930 Callimachum
1456 2872 1490 2932 et

243 2967 408 3033 Catullum
423 2969 535 3053 (carm.
551 2969 617 3050 63),
642 2968 687 3031 ita
710 2989 750 3032 ne
772 2968 857 3052 apud
876 2967 1053 3032 Lucianum
1072 2966 1200 3051 quidem
1216 2988 1299 3031 unus
1321 2968 1493 3035 invenitur

244 3093 344 3155 purus
377 3071 513 3135 dimeter
541 3070 665 3135 ionicus
694 3070 754 3134 nisi
777 3093 806 3134 v.
832 3078 889 3148 38,
912 3071 951 3134 de
975 3092 1039 3155 quo
1061 3069 1146 3134 infra
1170 3069 1230 3134 erit
1252 3069 1491 3139 disserendum.

247 3173 332 3239 Nam
363 3175 447 3259 apud
470 3173 647 3238 Lucianum
679 3195 807 3258 quoque
839 3172 954 3237 ultima
986 3195 1096 3238 versus
1128 3172 1253 3257 syllaba
1282 3195 1403 3257 anceps
1429 3179 1494 3270 ast,

247 3278 328 3343 duae
357 3279 470 3343 breves
503 3276 646 3360 syllabae
677 3276 710 3339 in
743 3299 838 3341 unam
870 3277 1001 3362 longam
1037 3276 1284 3353 contrahuntur,
1320 3275 1425 3362 longa
1458 3279 1496 3343 in

248 3383 327 3447 duas
350 3381 462 3445 breves
481 3379 627 3444 solvitur.
664 3377 739 3443 Non
755 3384 866 3444 extant
884 3380 1014 3464 quidem
1033 3401 1142 3444 versus
1163 3377 1352 3458 catalectici,
1371 3379 1495 3463 quales

247 3484 381 3571 praebat
403 3482 549 3549 Catullus
573 3505 598 3548 c.
625 3490 674 3551 63.

334 3623 457 3699 Quibus
496 3620 681 3705 praemissis
717 3620 756 3685 ad
792 3619 995 3704 singulorum
1029 3641 1178 3683 versuum
1216 3619 1497 3702 compositionem

247 3732 457 3791 transeamus.

334 3864 382 3929 Ac
404 3863 544 3947 primum
567 3864 696 3949 quidem
715 3862 840 3928 sincero
858 3863 953 3926 modo
973 3893 1055 3919 w
1076 3871 1112 3905 ,a
1133 3872 1330 3919 v—vss
1348 3897 1394 3906 —
1414 3885 1498 3929 con·

250 3967 381 4032 formati
404 3972 479 4032 sunt
502 3988 630 4031 versus:

291 4105 327 4171 Τ.
351 4114 392 4174 30
404 4105 470 4168 Ἀνὰ
485 4104 636 4186 Δίνδυμον
649 4103 800 4186 Κυβήβης,
824 4109 864 4170 32
878 4101 990 4183 ἁπαλῷ
1005 4099 1243 4187 τελοῦσινἍττῃ,
1267 4107 1306 4168 37
1327 4101 1499 4167 κελαδοῦσι

352 4212 448 4293 Κρητὶ
476 4208 604 4291 ῥυθμῷ,
644 4215 683 4273 41
718 4211 886 4285 πολεμηίαν
916 4205 1024 4284 ἀϋτήν,
1062 4213 1103 4272 41)
1135 4205 1184 4267 ὅτε
1208 4205 1269 4280 πᾶς
1286 4205 1500 4285 χλοητόκοισι,

352 4319 392 4377 47
429 4311 566 4394 Ζεφύρου
602 4309 635 4371 δὲ
670 4309 780 4394 δένδρα
817 4316 956 4386 πνοιαῖς,
996 4316 1037 4376 48
1069 4305 1199 4383 ἁπαλοῖς
1231 4307 1311 4391 κομᾷ
1338 4308 1500 4390 πετήλοις,

339 4573 358 4638 ¹)
376 4571 431 4626 cn.
458 4586 531 4640 quae
549 4566 777 4623 Schneidewinus
800 4567 829 4620 in
858 4566 958 4621 Philol.
979 4567 1031 4621 vol.
1051 4565 1091 4619 lll
1109 4584 1135 4634 p.
1154 4564 1202 4619 261
1223 4582 1264 4632 sq.
1284 4567 1313 4619 et
1331 4582 1357 4634 p.
1380 4565 1437 4621 263
1456 4586 1500 4637 sq.

249 4659 285 4713 de
304 4656 417 4728 hymnis
436 4658 465 4712 iu
484 4655 566 4710 Attin
584 4654 721 4724 exposuit.
