3120 5354
759 297 776 356 6

695 379 774 386 -..-
783 381 845 386 -.-,..

154 495 231 572 scio,
256 496 294 558 ad
317 494 402 557 huuc
424 516 525 577 usque
549 493 632 557 diem
655 515 750 558 nemo
769 494 818 558 vir
841 495 953 558 doctus
977 516 1106 577 operum
1130 493 1255 574 11111111)
1291 491 1394 554 Plane

156 602 264 662 autem
289 597 406 661 falsum
431 601 489 674 est,
513 597 598 680 quod
621 596 1150 661 (1111111111111111111101111111
1175 595 1271 679 (Mus
1288 594 1393 659 Rhen.

154 701 218 766 rol.
236 709 286 777 43,
303 724 335 784 p.
352 708 392 768 30
408 703 440 763 et
456 700 520 782 31),
540 699 630 762 cuius
648 699 680 762 in
700 699 917 782 disputatione
932 704 1059 783 praeter
1075 699 1148 776 1111,
1165 721 1247 782 quae
1261 696 1394 783 probari

156 825 220 868 non
245 806 389 887 possunt,
413 802 445 864 id
464 802 690 886 gravissimum
710 807 768 880 est,
792 805 877 887 quod
897 826 961 868 non
980 805 1074 868 modo
1100 803 1275 866 Lucianum
1295 806 1394 884 potu-

155 906 217 969 isse
231 927 342 969 rersus
357 925 549 987 componere
565 909 671 988 negat,
698 906 753 969 sed
767 907 940 984 contendit,
960 928 1033 969 eum
1047 928 1087 968 ne
1105 905 1248 988 potuisse
1263 903 1394 986 quidem

156 1007 215 1071 illa
245 1011 350 1071 aetate
380 1007 486 1071 studio
517 1008 736 1092 cognitionem
766 1009 828 1072 sibi
858 1009 1029 1073 conciliare
1053 1008 1163 1092 legum
1187 1007 1395 1070 metricorum

158 1111 191 1174 in
219 1110 366 1174 trimetro
389 1109 528 1173 iambico
552 1110 832 1180 observandarum.
879 1110 995 1195 Neque
1019 1112 1124 1174 minus
1147 1109 1229 1173 11111
1254 1108 1396 1173 iudicare

158 1213 239 1276 mihi
257 1211 384 1276 videtur
403 1211 451 1275 vir
469 1211 672 1276 doctissimus
695 1213 732 1276 de
752 1213 888 1298 singulis
907 1212 971 1277 illis
989 1212 1079 1289 locis,
1102 1233 1183 1295 quos
1203 1212 1234 1275 in
1255 1209 1396 1274 medium

158 1315 284 1398 profert
302 1318 337 1378 ut
351 1314 438 1378 vitiis
458 1314 601 1378 metricis
620 1315 763 1380 affectos.
801 1315 887 1380 Nam
903 1317 986 1400 qnod
1003 1317 1035 1379 in
1049 1314 1185 1379 aliorum
1202 1315 1398 1397 scriptorum

158 1416 248 1481 velut
269 1417 465 1501 tragicorum
491 1417 642 1501 operibus
665 1419 817 1484 accidisse
841 1423 1041 1504 compertum
1065 1418 1229 1495 habemus,
1254 1421 1291 1480 ut
1309 1415 1398 1480 codi-

161 1543 233 1584 cum
257 1519 556 1603 antiquissimorum
580 1522 740 1605 scriptura
757 1521 810 1586 vel
829 1526 980 1606 corrupta
997 1523 1049 1587 vel
1068 1545 1181 1586 manca
1200 1522 1240 1586 ab
1259 1520 1401 1585 incautis

162 1623 303 1688 librariis
330 1623 380 1687 vel
414 1623 648 1688 correctoribus
677 1625 711 1688 in
738 1625 881 1689 ordinem
910 1625 1166 1710 qualemcunque
1198 1625 1403 1708 redigeretur

162 1730 193 1790 et
226 1725 487 1808 interpolaretur,
507 1726 590 1790 idern
614 1726 747 1792 Luciani
772 1729 923 1812 operibus
946 1732 1043 1813 atque
1067 1729 1226 1813 imprimis
1249 1727 1299 1790 his
1322 1727 1402 1810 ipsis

162 1829 298 1913 poeticis
329 1829 481 1893 accidisse
514 1851 586 1893 cum
617 1830 674 1908 iis,
708 1853 790 1914 quae
822 1835 896 1895 ante
920 1833 1003 1910 dixi,
1034 1838 1103 1896 tum
1126 1831 1312 1896 Rothsteini
1335 1830 1402 1894 dis·

166 1933 339 1996 certatione
362 1933 441 1996 satis
460 1931 654 2016 explicatum
675 1938 733 1997 est.
768 1934 912 1998 Koclrius
930 1934 1070 2000 fatorum
1090 1958 1223 2019 operum
1242 1935 1402 1999 Lucisne·

167 2057 277 2099 eorum
318 2034 439 2098 nullam
475 2035 634 2100 rationem
669 2036 819 2101 habuisse
860 2038 995 2101 videtur.
1057 2037 1127 2104 Car.
1173 2041 1281 2100 autem
1317 2035 1403 2099 Frid.

168 2138 305 2203 Mueller
336 2139 370 2202 in
407 2140 677 2203 commentatione
717 2141 772 2215 ,de
808 2141 942 2223 pedibus
978 2140 1092 2204 solutis
1128 2140 1161 2202 in
1201 2138 1404 2223 tragicorum

167 2242 328 2306 minorum
352 2241 506 2305 trimetris
528 2242 693 2306 iambicis“
720 2243 901 2326 conscripta
914 2242 1048 2307 Luciani
1066 2242 1188 2306 nullam
1205 2241 1403 2305 mentionem

167 2344 254 2407 fecit.
303 2343 452 2408 Attamen
490 2344 558 2407 eius
580 2346 725 2428 poetica,
766 2349 802 2408 ut
838 2367 935 2427 opera
976 2345 1116 2409 hominis
1156 2345 1238 2408 tanti
1279 2344 1404 2428 ingenii

167 2452 340 2530 tantaeque
364 2446 543 2531 elegantiae
566 2447 691 2511 dicendi
710 2448 801 2511 valde
823 2448 921 2532 digna
939 2448 1096 2525 videntur,
1122 2470 1203 2532 quae
1223 2447 1406 2510 accuratius

167 2552 435 2637 pervestigentur.
482 2551 567 2616 Nam
589 2550 749 2613 Lucienus
772 2550 804 2613 in
834 2551 1036 2633 pedestribus
1068 2550 1212 2633 scriptis,
1245 2549 1408 2632 imprimis

167 2656 201 2718 in
225 2654 373 2731 Timone,
404 2655 591 2720 iudeorum
616 2652 770 2737 dialogis,
804 2651 913 2715 multis
936 2651 1024 2728 aliis,
1048 2652 1240 2715 dramaticas
1263 2673 1314 2715 res
1338 2655 1405 2714 11111

170 2756 336 2841 eleganter
354 2778 455 2839 paene
474 2758 533 2820 sub
553 2759 758 2839 conspectum
777 2755 902 2831 subicit,
926 2759 962 2818 ut
980 2777 1014 2818 re
1033 2777 1108 2819 vera
1127 2777 1243 2838 operae
1262 2755 1406 2838 pretium

166 2860 209 2922 111
238 2858 425 2942 diligentius
456 2881 627 2942 quaerere,
661 2859 821 2942 quomodo
852 2858 979 2922 fabulas
999 2858 1143 2922 versibus
1174 2856 1342 2920 incluserit
1373 2861 1406 2920 et

169 2984 341 3047 quemnam
364 2961 397 3024 in
420 2966 487 3025 arte
511 2963 646 3026 metrica
669 2961 834 3045 exemplar
856 2963 917 3026 sibi
940 2963 1122 3046 sumpserit.
1160 2959 1251 3036 Quod
1271 2981 1332 3044 ego
1347 2961 1405 3024 de-

170 3068 351 3130 monstrare
373 3063 453 3126 mihi
475 3064 640 3147 proposui.

256 3168 303 3230 Ac
339 3166 478 3249 primum
515 3167 641 3250 quidem
679 3167 782 3231 dicam
819 3168 857 3230 de
894 3169 1026 3232 senariis
1063 3188 1238 3250 eorumque
1270 3167 1407 3251 pedibus

169 3269 299 3346 solutis,
332 3267 388 3351 qui
418 3290 478 3352 pro
509 3269 605 3332 meris
637 3269 751 3333 iambis
784 3269 835 3332 vel
862 3269 1010 3352 spondeis
1041 3270 1075 3333 in
1098 3269 1231 3334 Luciani
1258 3269 1407 3333 versibus

169 3373 334 3457 leguntur,
358 3371 471 3436 deinde
494 3372 532 3435 de
556 3372 752 3437 canticorum
776 3372 896 3436 metris.
942 3371 1222 3457 Epigrammatum
1245 3371 1405 3435 rationem

168 3497 232 3540 non
258 3473 383 3538 habebo
407 3495 444 3537 ea
467 3475 504 3538 de
528 3497 633 3558 causa,
657 3476 741 3558 quod
763 3474 924 3558 permulta
947 3497 1069 3552 eorum,
1093 3474 1330 3560 quaeLueiauo
1349 3476 1406 3539 ad·

168 3581 362 3656 scribuntur,
386 3579 458 3662 aliis
481 3579 667 3643 auctoribus
690 3579 893 3643 attribuenda
915 3601 983 3642 esse
1006 3582 1094 3661 puto.

260 3769 277 3836 ¹)
297 3767 376 3833 Quae
395 3767 606 3824 Studemundus
625 3769 659 3823 de
678 3769 732 3822 hac
750 3786 780 3824 re
798 3786 862 3822 cum
877 3766 1029 3837 philologis
1048 3766 1142 3820 Turici
1161 3783 1235 3820 anno
1257 3765 1322 3819 1887
1342 3782 1409 3821 con-

171 3856 298 3927 gregatis
317 3853 576 3919 communicaverit,
595 3853 729 3924 quoniam
749 3854 825 3923 typis
843 3853 981 3908 mandata
999 3870 1055 3907 non
1074 3854 1147 3915 sunt,
1165 3851 1267 3906 nescio.
