3120 5354
680 983 874 1113 Vita.

252 1331 357 1395 Natus
389 1353 459 1394 sum
493 1328 673 1393 Fridericus
697 1326 981 1390 Friedrichsnreier
1004 1323 1267 1390 Siebenhofensis
1289 1321 1400 1388 Idibus

165 1435 257 1499 luliis
289 1435 365 1498 anni
395 1434 428 1496 h.
452 1457 475 1496 s,
505 1430 596 1495 LXII
619 1435 711 1514 patre
734 1429 913 1505 Friderico,
948 1451 1043 1513 quem
1070 1431 1274 1511 praematura
1297 1433 1400 1492 morte

166 1543 310 1620 ereptum
343 1538 405 1599 iarn
437 1557 495 1618 per
526 1539 591 1598 tres
623 1555 723 1598 annos
756 1533 870 1617 lugeo,
908 1536 1009 1596 matre
1041 1529 1220 1608 Friderica,
1257 1552 1274 1593 e
1302 1534 1399 1615 gente

167 1639 347 1723 Uhmeyer,
379 1660 476 1721 quam
508 1637 714 1722 superstitem
747 1658 871 1699 summo
905 1656 1014 1698 amore
1040 1654 1184 1697 veneror.
1231 1632 1320 1697 Fidei
1343 1633 1398 1696 ad·

166 1743 268 1805 dictus
300 1765 371 1806 sum
404 1740 617 1825 evangelicae.
665 1739 782 1803 Primis
813 1738 994 1802 litterarum
1028 1736 1196 1800 elementis
1225 1736 1400 1800 domestica

166 1846 368 1909 institutione
397 1845 539 1908 imbutus
570 1866 649 1928 puer
671 1844 780 1907 decem
803 1863 960 1907 annorum
984 1843 1132 1924 receptus
1155 1862 1226 1903 sum
1248 1842 1281 1902 in
1304 1860 1399 1924 gym-

168 1950 290 2011 nasium
315 1948 561 2033 Lemgoviense,
593 1948 683 2012 ouius
715 1948 854 2012 director
884 1950 961 2010 tuuc
994 1949 1064 2008 erat
1095 1941 1190 2008 Conr.
1219 1942 1398 2008 Steussloff.

169 2050 251 2114 Vere
277 2053 352 2114 anni
384 2051 414 2114 h.
439 2074 463 2114 a.
495 2049 651 2115 LXXXII
681 2051 876 2115 maturitatis
912 2048 1097 2112 testimonio
1134 2048 1324 2124 instructus,
1361 2051 1398 2111 ut

166 2154 277 2217 studiis
322 2153 529 2238 philologieis
574 2176 624 2217 me
664 2155 828 2232 dederem,
872 2153 1022 2235 deinceps
1066 2150 1167 2233 petivi
1207 2151 1396 2215 Academias

165 2255 420 2342 Tubingensem,
445 2256 500 2320 ubi
522 2257 618 2321 simul
642 2280 759 2322 aunum
784 2257 957 2321 militarem
984 2254 1112 2339 peregi,
1145 2252 1396 2331 Berolinansem,

168 2357 350 2421 Kiliensem.
375 2357 563 2422 Docuerunt
578 2381 628 2422 me
639 2359 698 2422 viri
708 2358 899 2423 doctissimi:
914 2356 1025 2435 Flach,
1037 2356 1178 2441 Herzog,
1188 2358 1226 2421 de
1236 2356 1394 2434 Koestlin,

167 2459 288 2537 ltohde,
304 2459 441 2524 Strauch
456 2460 697 2546 'lubingenses;
711 2462 866 2540 Deussen,
878 2460 1041 2536 Huebuer,
1053 2457 1233 2538 Kirohboff‚
1247 2458 1395 2539 Paulson,

164 2561 292 2639 ltunze,
333 2561 511 2645 Scherer†,
552 2563 657 2628 Weiss
694 2564 938 2640 Berolinenses3
985 2562 1094 2640 Blass,
1135 2562 1395 2642 Forcbhammer,

164 2663 328 2741 Foerster,
353 2664 495 2753 Glogau,
519 2666 633 2732 Krohn
647 2671 677 2751 †,
702 2668 905 2745 Kruemmel,
933 2666 1078 2744 Pietsch,
1104 2666 1194 2752 Vogt
1225 2666 1395 2732 Kilienses.

161 2765 268 2829 Kiliae
301 2789 358 2849 per
387 2772 541 2850 quattuor
570 2792 670 2834 anuos
702 2775 919 2836 commoratus
952 2770 1070 2834 sodalis
1102 2770 1150 2833 lui
1172 2771 1396 2854 proseminarii

161 2869 352 2954 philologici
375 2893 433 2953 per
455 2874 505 2933 ter
527 2895 583 2935 sex
607 2896 748 2951 meuses,
772 2874 935 2938 seminarii
958 2874 1151 2960 philologici
1174 2897 1232 2959 per
1254 2876 1395 2961 quinque

160 2973 369 3049 semenstria;
402 2979 566 3056 praeterea
598 2976 731 3041 interfui
751 2976 1036 3041 exercitationibus
1058 2977 1292 3062 philosophicis
1315 3001 1395 3063 quas

91 3102 100 3107 ·
160 3073 302 3137 instituit
324 3073 451 3160 Glogau
478 3100 536 3160 per
569 3083 739 3162 quattuor,
772 3079 945 3143 theodiscis
977 3080 1093 3163 quibus
1125 3086 1272 3164 praeerat
1299 3081 1394 3167 Vogt,

160 3198 218 3258 per
240 3177 302 3241 duo
335 3180 534 3244 semenstris.
580 3180 703 3257 Quibus
725 3182 989 3266 praeceptoribus
1015 3182 1164 3246 omnibus
1186 3183 1308 3268 gratias
1331 3205 1395 3268 ago

160 3302 255 3361 quam
279 3283 452 3362 maximae,
475 3285 647 3368 praecipue
671 3307 747 3350 vero
770 3308 821 3349 me
845 3285 907 3349 sibi
929 3285 1073 3349 devinxit
1094 3284 1133 3349 R.
1150 3285 1315 3366 noersrer,
1338 3288 1393 3372 qui

160 3405 284 3446 snnmra
320 3384 473 3449 comitate
508 3387 621 3451 studiis
657 3389 737 3451 meis
772 3389 855 3452 favit
890 3392 922 3451 et
958 3388 1116 3472 imprimis
1153 3412 1203 3453 me
1239 3389 1321 3454 banc
1356 3392 1395 3455 de

161 3484 293 3548 liuciani
325 3508 359 3548 re
391 3487 525 3551 metrica
556 3490 778 3571 quaestionem
812 3491 1033 3554 instituentem
1064 3491 1227 3568 incitavit,
1263 3493 1395 3570 adiuvit,

160 3589 259 3650 rrrixit.

245 3690 354 3755 Mense
378 3693 409 3755 h.
434 3715 461 3757 a.
486 3693 617 3758 Octobri
641 3699 678 3759 ut
700 3695 888 3759 admitterer
910 3696 949 3760 ad
972 3716 1106 3759 munera
1129 3695 1162 3759 in
1185 3695 1393 3775 bibliotheca,

158 3815 240 3875 quae
265 3798 311 3857 est
334 3795 480 3860 ordinum
498 3797 744 3876 Hassiacorum,
769 3798 967 3876 Cassellana,
991 3799 1130 3884 contigit
1145 3800 1185 3863 ad
1201 3800 1393 3885 petitionem

157 3896 360 3961 ‹lesceudenti
393 3900 645 3985 suffragantibus
668 3901 746 3965 viris
769 3902 926 3987 egregiis,
958 3900 1214 3967 bibliothecariis
1243 3903 1392 3967 Eduardo

157 3997 339 4079 Lohrneyer
362 4006 394 4062 ot
416 4001 556 4086 Hugono
575 4001 731 4067 Brunner.
769 4001 919 4067 Cassellis
937 4004 976 4067 ad
995 4005 1079 4069 hunc
1097 4006 1181 4070 diem
1201 4028 1391 4071 commoror.
