3120 5354
608 323 762 412 L

68 543 139 585 cum
175 521 209 585 in
247 543 319 585 eum
355 543 484 606 quoque
519 521 649 601 cadant,
690 542 773 605 quae
813 521 851 584 de
887 520 1119 605 monosyllabis
1155 523 1173 604 ᾗ
1210 529 1245 601 2,
1284 530 1302 588 2

68 625 260 688 monuimus.
293 623 378 688 Nam
398 625 484 687 utin
502 623 605 688 altero
627 624 714 688 sicin
728 627 844 708 quarto
859 623 938 707 pede
957 623 1216 707 monosyllabum
1231 648 1304 689 eum

68 726 225 791 vocabulo
266 727 472 791 antecedente
510 727 687 791 arctissime
727 748 884 791 conexum
916 748 983 790 esse
1022 727 1304 792 animadvertimus
1359 741 1362 745 '

471 830 507 893 Τ.
535 838 595 897 152
619 830 654 893 δὲ
676 835 925 910 ποταμογείτονα.

156 931 267 1007 Qualis
298 932 417 997 solutio
457 933 557 997 semel
588 934 727 997 occurrit
758 935 842 1017 apud
877 932 1093 1017 Aeschylum,
1133 934 1304 1019 aliquoties

69 1034 155 1116 apud
187 1034 380 1119 Sophoclem
412 1040 445 1100 et
473 1035 677 1119 Euripidem,
709 1036 910 1120 compluries·
931 1037 1019 1128 apud
1052 1037 1305 1128 Aristophanem

69 1138 284 1223 comicosque.
329 1139 438 1203 Etiam
471 1162 487 1202 e
510 1139 708 1224 tragicorum
731 1139 893 1203 minorum
915 1138 1106 1224 fragmentis
1129 1138 1306 1205 Muellerus

72 1265 104 1326 p.
139 1252 157 1310 9
206 1243 390 1308 huiusmodi
437 1244 584 1328 exempla
619 1245 714 1308 affert
769 1245 849 1323 duo,
906 1243 1041 1308 alterum
1083 1265 1123 1308 ex
1169 1243 1307 1309 Chaere·

70 1367 167 1410 mone
204 1354 239 1425 7,
274 1355 307 1426 l,
331 1346 467 1411 alterum
491 1370 531 1412 ex
559 1346 727 1431 Astydam.
758 1348 823 1411 fab.
857 1355 892 1425 3,
916 1355 952 1424 4,
985 1369 1049 1431 quo
1073 1347 1201 1432 quidem
1236 1347 1308 1413 loco

69 1449 332 1534 monosyllabum
371 1472 444 1514 cum
481 1455 651 1535 sequente,
684 1472 749 1515 non
789 1472 860 1514 curn
902 1451 1110 1515 antecedente
1148 1452 1306 1517 vocabulo

70 1553 279 1617 coniunctum
302 1558 359 1618 est.
385 1555 398 1636 )

159 1676 192 1756 3)
215 1673 335 1738 Thesin
352 1675 386 1738 in
404 1698 469 1759 qua
481 1675 672 1740 vocabulum
691 1675 883 1739 terminatur
898 1675 1044 1758 sequitur
1062 1675 1148 1738 arsin
1167 1675 1306 1739 solutam

71 1776 216 1840 efficiens
238 1776 398 1861 bisyllaba
420 1800 484 1843 vox
506 1778 587 1842 locis
609 1779 678 1842 his:

330 1899 366 1963 Τ.
394 1907 454 1966 114
477 1901 567 1984 &lude
591 1900 687 1984 παρά.

330 2001 368 2066 Ο.
393 2010 433 2071 70
457 2004 558 2065 ἔκλαον
579 2001 650 2081 ὑπ’,
676 2010 736 2070 140
759 2002 901 2081 δύστηνον
924 2004 978 2066 ἔτι.

159 2122 253 2186 Tales
271 2123 452 2188 tribrachos
476 2127 508 2187 et
525 2123 641 2208 tragici
656 2128 689 2187 et
707 2123 822 2186 comici
836 2123 1019 2187 admittunt.
1056 2121 1095 2186 In
1108 2123 1307 2207 tragicorum

73 2230 181 2290 autem
204 2225 360 2309 exemplis
382 2231 516 2311 propter
546 2249 675 2305 versus,
700 2230 736 2290 ut
758 2227 899 2304 videtur,
933 2226 1122 2290 incisionem
1148 2224 1305 2290 vocabula

73 2352 156 2415 quae
179 2329 265 2393 arsin
289 2328 433 2394 efficiunt
464 2330 624 2414 bisyllaba
655 2353 728 2394 curn
759 2330 967 2413 sequentibus
986 2332 1072 2393 arcte
1095 2329 1198 2414 ligata
1220 2332 1305 2393 sunt.

74 2431 176 2508 Quam
208 2433 355 2518 regulam
376 2434 535 2497 Lucienus
566 2433 730 2498 tribracho
762 2432 904 2512 δύστηνον
935 2434 979 2494 ἔτι
1003 2432 1140 2496 admisso
1163 2431 1308 2508 violavit,

73 2557 147 2599 cum
170 2537 214 2597 aa
236 2557 301 2599 non
323 2536 362 2599 ad
385 2539 573 2620 sequentem
596 2537 650 2599 sed
673 2536 712 2598 ad
735 2535 976 2600 antecedentem
1005 2559 1117 2600 vocem
1140 2536 1309 2619 pertineat.

74 2639 146 2715 Qua
172 2639 207 2702 in
235 2639 366 2704 licentia
389 2645 498 2704 noster
519 2639 638 2703 iterum
661 2661 732 2703 cum
757 2639 976 2723 Aristophane
998 2639 1087 2718 facit,
1110 2639 1166 2723 qui
1189 2639 1309 2702 similia

74 2740 224 2825 exempla
246 2744 401 2825 praebet:

280 2863 366 2928 Nub.
394 2872 457 2932 189·
477 2863 561 2926 τοῦτό
583 2863 609 2944 γ’
635 2865 690 2942 ἔτι,
714 2871 775 2930 215
799 2865 883 2926 τοῦτο
906 2864 985 2925 πάνυ

282 2965 380 3049 Vesp.
405 2974 443 3032 31
469 2968 590 3050 πρῶτον
611 2965 715 3043 ὕπνον,
740 2973 801 3034 200
825 2967 957 3046 ἔμβαλλε
980 2967 1084 3043 πάλιν,

869 3069 971 3133 multa
994 3068 1066 3133 alia.
1079 3068 1106 3151 ²)

163 3191 197 3270 4)
220 3188 289 3254 lam
320 3191 354 3253 in
377 3212 508 3254 censum
530 3189 638 3253 veniat
661 3190 687 3253 is
711 3189 901 3273 tribrachys,
925 3189 1015 3253 cuius
1038 3189 1143 3272 prima
1165 3209 1256 3251 mora
1278 3187 1312 3250 in

77 3292 228 3356 vocabuli
262 3293 376 3372 finem,
414 3293 510 3356 tertia
543 3293 577 3355 in
617 3293 746 3357 initium
780 3292 911 3370 incidit,
948 3292 1050 3356 altera
1086 3290 1312 3375 monosyllabo

78 3396 236 3461 efficitur:

466 3497 503 3561 0.
529 3505 569 3564 24
591 3506 735 3578 γενναῖος,
758 3496 773 3559 ὅ
796 3498 923 3582 θρασύς.

167 3621 256 3686 Ηοοο
283 3620 388 3686 forma
414 3619 576 3684 invenitur
605 3620 689 3703 apud
715 3616 923 3701 Sophoclem,
954 3614 1158 3698 Euripidem,
1186 3614 1313 3678 Aristo·
1372 3652 1375 3661 ·

77 3722 267 3808 phanem.³)
311 3722 395 3788 Item
418 3723 518 3787 semel
539 3723 643 3786 simile
667 3726 714 3786 est
737 3721 821 3805 apud

213 3843 373 3928 Lycophr.
399 3851 448 3923 2,3
473 3843 552 3927 (fab.
576 3843 688 3926 satyr.)
712 3840 943 3926 παρεξεστηκός·
967 3838 1009 3901 b'r'
1034 3837 1187 3922 ἀλιτήριος

898 3943 969 4027 (cfr.
992 3941 1130 4006 Mueller
1151 3965 1182 4025 p.
1208 3941 1250 4022 9).

168 4050 200 4131 5)
226 4047 297 4115 Uno
320 4049 414 4115 loco:

499 4153 535 4216 T.
561 4159 621 4221 285
646 4154 783 4233 ἔμβαινε,
802 4152 837 4211 σὺ
860 4149 904 4228 δέ,

83 4313 288 4321 ——----——-

173 4415 192 4479 ¹)
209 4413 251 4467 Dc
271 4412 406 4481 Gregorio
425 4411 493 4464 Nar.
512 4410 560 4464 cfr.
580 4408 696 4478 Stoppel
714 4427 741 4477 p.
760 4408 801 4460 29.

170 4501 190 4563 ²)
208 4498 273 4553 Non
300 4499 405 4568 recipio
433 4499 508 4552 hunc
526 4497 556 4549 in
574 4513 722 4549 numerum
742 4493 773 4547 Ο.
792 4494 825 4546 62
843 4497 962 4562 γέγονας
980 4493 1035 4557 ἵνα,
1053 4489 1102 4541 ubi
1121 4506 1183 4543 eum
1205 4489 1316 4557 Guyoto

80 4591 202 4659 γέγονας
218 4585 253 4655 ἥν
271 4585 423 4654 legendum
443 4588 492 4649 est,
511 4586 543 4636 ut
561 4583 650 4635 bonus
670 4597 766 4633 sensus
785 4580 897 4633 existat.

172 4674 193 4739 3)
211 4673 296 4727 Deest
315 4671 514 4740 hoo'lsolvendi
532 4687 620 4738 genus
639 4667 669 4718 in
688 4667 818 4735 Gregorii
837 4662 1009 4719 Nazianzeni
1028 4661 1163 4715 uersibus.
