3120 5354
698 326 852 417 —1-3—

159 548 309 590 numerus
332 525 570 589 tribrachorum
592 524 627 587 in
649 524 752 589 altera
774 523 847 587 sede
871 547 967 608 quam
991 525 1024 587 in
1041 524 1146 608 prima
1165 524 1392 588 adhibitorum.

158 628 220 692 Sed
250 628 283 690 in
305 627 368 690 hoc
390 648 519 710 quoque
542 629 680 692 trimetri
704 629 784 711 pede
807 629 869 691 duo
893 628 1089 692 solutionum
1114 650 1232 712 genera
1256 627 1393 690 vidimus

158 730 305 807 admissa,
335 752 417 813 quae
446 730 609 794 rarissime
641 732 725 814 apud
757 731 899 815 tragicos
932 731 1137 814 reperiuntur
1159 753 1218 794 nec
1240 731 1308 793 fere
1331 730 1393 792 nisi

157 834 191 896 in
230 833 436 897 liberioribus
475 833 594 896 fabulis
630 833 803 916 Euripidis
850 832 969 896 Omnes
1009 837 1116 896 autem
1157 833 1334 897 solutiones
1374 854 1392 894 a

160 938 300 1002 Luciano
331 943 502 1021 usurpatae
526 939 610 1021 apud
633 937 886 1021 Aristophanem
910 943 943 1001 et
965 937 1107 1020 reliquos
1129 936 1269 1000 comicos
1292 935 1392 998 usita-

159 1042 301 1106 tissimae
324 1046 408 1105 sunt.

744 1248 762 1329 ἓ
785 1258 813 1314 3.

350 1417 395 1484 iic
414 1417 595 1486 tribrachis
618 1418 648 1485 in
670 1417 773 1486 teriia
796 1419 920 1487 senarii
944 1419 1024 1486 sede
1047 1417 1210 1488 adhibitis.

246 1571 383 1655 Propter
413 1594 578 1636 caesuram
609 1573 642 1635 in
676 1573 772 1636 tertia
798 1573 936 1636 trimetri
968 1572 1245 1637 sedetribrachos
1269 1593 1394 1636 eximo

159 1675 286 1758 integro
320 1675 475 1739 vocabulo
507 1680 691 1739 constantes
725 1675 832 1739 nullos
855 1675 905 1740 vel
929 1698 1108 1760 perpaucos
1140 1680 1268 1754 extare,
1299 1677 1395 1741 t'acilc

159 1779 374 1860 cognoscitur.
413 1779 545 1842 Luciani
568 1801 679 1842 versus
702 1779 822 1842 talibus
846 1764 1017 1843 tribrachis
1037 1780 1167 1842 omnino
1187 1785 1306 1844 carent.
1343 1778 1394 1842 Nc

160 1880 396 1962 Aristophanes
433 1882 561 1964 quidem
600 1882 632 1944 in
668 1881 728 1945 hac
765 1882 925 1946 solutione
965 1882 1144 1946 adhibenda
1179 1883 1299 1946 multus
1336 1888 1393 1946 ost.

159 1981 336 2066 Widegrcn
359 2007 390 2066 p.
417 1991 452 2048 ll
479 1984 573 2047 affert
595 1988 721 2048 tantum
746 1985 893 2068 exempla
916 1984 1014 2049 haec:

408 2104 489 2187 Eqv.
520 2112 580 2171 134
603 2103 712 2189 ἕτερος,
736 2111 798 2172 670
822 2105 980 2184 στόματος.

410 2206 483 2270 Pac.
520 2214 582 2274 892
606 2207 775 2269 κεκάπνικ’.

408 2309 469 2372 Av.
521 2317 583 2377 918
606 2311 724 2389 κύκλια,
750 2318 830 2378 1693
851 2309 991 2393 χλανίδα.

247 2428 307 2493 Sed
330 2430 416 2512 quod
439 2452 535 2513 supra
557 2431 723 2494 docuimus

250 2533 280 2614 1)
304 2532 485 2595 tribrachos
507 2532 605 2618 longe
627 2533 784 2616 plurimos
807 2534 852 2596 ita
875 2555 944 2596 esse
967 2532 1203 2608 conformatos,
1233 2537 1268 2595 ut
1290 2531 1396 2595 thesin

160 2635 319 2718 exprimat
343 2638 486 2698 extrema
509 2637 595 2700 vocis
618 2636 759 2720 syllaba,
786 2637 873 2700 arsin
895 2635 1033 2700 solutam
1056 2635 1181 2719 priores
1205 2636 1289 2713 eius,
1314 2657 1395 2718 quae

159 2741 329 2820 sequntur,
353 2738 436 2800 idem
461 2738 558 2802 etiam
580 2740 684 2824 magis
707 2741 741 2802 in
759 2741 855 2803 tertio
872 2739 989 2803 senarii
1004 2739 1084 2821 pede
1099 2739 1297 2804 observatur.
1330 2739 1394 2803 Ofr.

203 2856 240 2922 T.
267 2864 327 2924 174
357 2862 532 2943 θεραπείαν
567 2862 673 2941 ἔλαβε,
717 2866 779 2928 184
810 2864 917 2944 λουτρὰ
950 2860 1132 2944 φερόμενος,
1169 2867 1228 2928 231
1263 2862 1396 2944 περῶντι

263 2961 375 3038 νότιος,
405 2968 466 3029 237
490 2967 612 3048 νωθρὸν
634 2962 750 3047 ἐλαφρά
775 2962 850 3045 (vid.
875 2962 968 3046 exo),
1000 2969 1062 3030 264
1090 2963 1240 3041 πείθησθε
1264 2964 1398 3039 κόλασιν,

264 3070 325 3131 267
349 3064 511 3127 θάλασσαν
532 3071 692 3148 {manopera

202 3163 240 3228 0.
265 3172 304 3230 27
328 3167 429 3229 τοῦτον
450 3168 674 3254 ἀθεράπευτον,
697 3177 738 3236 36
761 3169 1003 3253 ἄτραομάτιοτος
1029 3166 1153 3249 ἄβατος,
1189 3175 1248 3236 107
1276 3167 1396 3253 ὕπερθε

265 3271 458 3349 καταπεσών,
483 3279 544 3338 112
567 3274 669 3348 νυκτὸς
690 3271 932 3352 ἆνακαθῆμενος.

246 3386 341 3452 Tales
373 3389 550 3455 solutiones
581 3393 614 3454 in
646 3392 743 3456 tertio
774 3392 853 3475 pede
875 3391 997 3456 habent
1020 3396 1053 3456 et
1074 3392 1190 3476 tragici
1214 3398 1246 3456 et
1270 3394 1393 3457 comici.

246 3493 278 3574 2)
301 3491 407 3554 Multo
429 3493 534 3557 minor
556 3516 706 3558 numerus
737 3498 786 3557 est
807 3494 1061 3571 tribrachorum,
1094 3515 1230 3577 quorum
1253 3495 1395 3579 primunr

157 3599 287 3678 tempus
319 3595 351 3657 in
387 3595 482 3659 finem
506 3596 654 3660 vocabuli
676 3597 804 3673 incidit,
837 3599 1010 3661 secundum
1035 3602 1068 3660 et
1090 3597 1221 3660 tertium
1246 3619 1322 3662 voce
1346 3599 1396 3662 bi·

156 3693 284 3780 syllaba
316 3698 569 3762 conformantur.
616 3697 685 3774 Qua
708 3700 834 3764 ratione
857 3701 941 3782 apud
964 3699 1141 3763 Lucianum
1165 3700 1297 3765 effectae
1321 3707 1395 3765 sunt

156 3800 335 3865 solutiones

201 3904 237 3968 T.
264 3913 323 3973 187
348 3905 452 3987 ἕξουσα
475 3905 570 3989 παρά.

202 4007 238 4071 0.
263 4017 303 4074 43
327 4010 473 4071 πονοῦντα
496 4007 595 4086 πόδα,
620 4015 659 4076 76
681 4007 839 4088 μάθοιμι,
862 4008 961 4090 τυχόν,
987 4014 1048 4074 154
1071 4005 1162 4070 ὁποῖα
1183 4012 1296 4092 βρέφος
1319 4007 1395 4090 (vid.

262 4111 456 4195 excursum).

243 4230 357 4306 Qualia
380 4230 527 4314 exempla
550 4252 614 4293 non
637 4230 789 4294 deficiunt
811 4231 896 4312 apud
920 4234 1031 4312 poetas
1050 4231 1222 4295 scaenicos.
1257 4229 1392 4293 Perrara

156 4340 264 4399 autem
298 4335 445 4398 videntur
476 4355 544 4397 esse
577 4333 661 4416 apud
692 4332 783 4396 alios.
828 4331 902 4396 Duo
934 4337 1060 4397 tantum
1097 4333 1219 4408 inveni,
1256 4332 1394 4396 alterum

156 4440 242 4522 apud
266 4436 457 4519 Gregorium
481 4435 721 4500 Nazianzenum
744 4434 786 4515 Il,
813 4445 840 4515 1,
867 4444 915 4514 11,
943 4445 1043 4505 1320:

581 4537 596 4601 ὅ
618 4544 675 4619 μὲν
698 4541 730 4602 τὸ
756 4530 865 4602 (itiner
881 4562 887 4576 ·
903 4545 958 4618 ἐμέ

467 4644 538 4726 (cfr.
564 4642 599 4706 P.
624 4642 776 4726 Stoppel:
808 4641 936 4718 Qiraest.
961 4643 998 4705 de
1022 4641 1117 4723 areg.
1143 4640 1221 4704 Nan.
1245 4665 1277 4725 p.
1298 4643 1352 4724 26)
