3120 5354
698 314 853 406 A

195 514 237 580 'R
261 523 302 584 50
322 514 470 601 μερόπων
493 519 587 600 θροεῖ
598 513 747 597 χελιδών,
785 520 824 581 52
847 515 898 577 τόν
912 511 990 577 Ἴτυν
1007 519 1104 577 στένει
1127 513 1288 600 δακρύουσ’
1319 519 1396 594 (non

262 619 336 705 lego
360 618 503 703 δακρύοις
533 621 667 702 propter
688 622 874 700 sequentem
898 617 1042 681 dativum
1067 616 1149 698 γόοις
1170 616 1304 703 [γόοισιν
1326 618 1395 703 91]).

245 740 334 805 Duas
368 739 481 804 breves
517 738 658 822 syllabas
694 739 727 801 in
763 759 860 801 unam
896 741 1076 802 contractas
1110 738 1267 803 habemus
1303 737 1396 802 initio

150 848 329 909 versuum:

207 948 239 1012 T.
263 957 304 1016 33
328 952 380 1010 καὶ
404 949 480 1032 πρὸς
501 952 591 1026 μέλος
614 946 769 1031 κεραύλου,
794 953 833 1013 35
858 947 961 1026 κῶμον
982 946 1080 1028 βοῶσι
1097 944 1207 1023 Λυδοί,
1230 953 1270 1013 39
1294 945 1398 1021 κλάζει

261 1055 415 1137 βρίθουσα
439 1049 589 1129 σάλπιγξ,
617 1055 658 1116 40
681 1045 762 1133 ’Ἀρει
786 1055 931 1132 κρέκουσα
954 1049 1078 1133 θούρῳ,
1109 1053 1150 1113 42
1174 1045 1261 1126 ἡμεῖς
1283 1048 1316 1110 δὲ
1338 1053 1398 1126 σοί,

263 1153 418 1236 Ποδάγρα,
442 1160 484 1218 44
502 1152 615 1231 μύσται
638 1152 781 1231 τελοῦμεν
803 1154 929 1230 οἴκτους,
951 1159 993 1219 46
1013 1158 1121 1227 ποίαις
1143 1155 1251 1230 τέθηλε
1273 1151 1398 1232 λειμών,

264 1265 301 1325 51
327 1263 378 1320 καὶ
403 1257 540 1341 νύκτερος
562 1254 635 1318 καθ’
659 1254 744 1335 λίλαν,
769 1262 808 1323 53
829 1254 931 1330 Ἀτθλς
951 1254 1033 1335 γόοις
1055 1254 1166 1334 ιληδιύν.

749 1358 828 1443 (Ofr.
852 1357 969 1423 Catuli.
994 1366 1044 1437 63,
1070 1366 1126 1426 15:
1150 1360 1294 1444 sectam.)

246 1481 284 1546 ln
306 1482 431 1546 duobus
453 1480 600 1546 versibus
622 1479 702 1543 arsis
726 1500 783 1563 per
805 1477 974 1542 ἀνάκλασιν
995 1478 1109 1543 effecta
1134 1479 1164 1543 in
1188 1481 1266 1543 duas
1285 1481 1398 1543 breves

159 1585 302 1670 syllabas
324 1583 480 1649 dissoluta
503 1587 569 1647 est:

204 1689 241 1753 Τ.
265 1697 302 1757 31
329 1689 447 1773 Φρύγες
469 1690 575 1753 ἔνθεον
596 1687 752 1767 όλολυγύν,
778 1694 818 1754 34
843 1691 976 1773 Φρυγίου
999 1684 1063 1748 κατ’
1087 1683 1159 1768 όρεα
1184 1685 1323 1764 Τμώλου.

249 1808 506 1873 contractionem
541 1808 575 1871 in
606 1806 700 1872 initio
733 1810 766 1869 et
796 1805 991 1871 solutionem
1026 1805 1160 1870 alterius
1196 1827 1303 1870 arseos
1335 1829 1398 1870 unc

155 1915 299 1978 dimetro
322 1911 461 1975 inclusas
485 1911 683 1976 invenimus:

470 2013 506 2078 Τ.
531 2022 571 2080 43
595 2013 734 2099 πρώταις
757 2015 842 2099 ἐλιρος
864 2019 894 2076 ἐν
917 2013 1021 2099 ὥραις.
1038 2014 1061 2097 ¹)

247 2137 364 2201 Tribus
387 2136 467 2200 locis
491 2134 615 2217 syllaba
639 2157 757 2220 anceps
780 2138 829 2199 est
852 2156 954 2219 eaque
976 2134 1027 2198 bis
1049 2133 1082 2198 in
1106 2134 1214 2199 exitu:

331 2239 367 2304 T.
391 2247 431 2306 45
454 2238 503 2300 dtr
527 2239 589 2314 πᾶς
606 2239 806 2321 χλοητόκοισι,
829 2248 868 2308 38
891 2240 982 2319 νόμον
1005 2239 1076 2300 abda
1097 2239 1296 2325 Κορύβαντες.

248 2359 366 2437 (lausa,
399 2379 455 2421 cur
484 2357 518 2420 in
540 2357 602 2422 hoc
626 2380 720 2423 versu
743 2356 895 2424 (lavellus
918 2359 1077 2424 vocabula
1104 2358 1138 2422 in
1161 2358 1247 2422 hunc
1269 2358 1396 2423 mudum

155 2461 397 2546 transposuerit
432 2461 523 2540 νόμον
554 2461 744 2546 Κορύβαντες
779 2461 853 2524 εὐάν
887 2462 967 2527 haec
1002 2460 1101 2526 fuisse
1135 2460 1277 2538 videtur,
1314 2461 1400 2545 quod

157 2565 307 2630 omnium
340 2562 428 2628 solus
467 2567 516 2627 cst
550 2585 656 2629 meros
692 2564 815 2629 ionicos
856 2564 979 2629 formae
1016 2564 1399 2627 wss-Wssss

157 2668 332 2753 praebens.
377 2665 440 2732 sed
462 2670 573 2751 aperte
596 2667 731 2747 falsum,
756 2669 841 2752 quod
864 2667 955 2732 nulla
977 2668 1127 2755 analogia
1150 2667 1310 2752 praesidio
1342 2671 1399 2746 est,

156 2769 270 2834 nullus
303 2768 386 2833 alius
417 2790 528 2833 versus
561 2769 601 2832 ab
632 2770 740 2834 iambo
771 2769 896 2854 incipit.
946 2769 1156 2836 Retineamus
1190 2771 1307 2856 igitur,
1344 2772 1401 2856 qui

156 2873 299 2939 traditus
323 2876 387 2951 est,
420 2873 590 2938 dimetrum
615 2873 684 2936 sine
707 2872 857 2937 anaclasi.
902 2871 1026 2938 Deinde
1048 2874 1148 2938 semel
1171 2874 1265 2938 initio
1289 2896 1400 2939 versus

155 2977 290 3062 syllaba
312 2998 430 3061 anceps
452 2981 519 3042 est:

473 3079 509 3143 Τ.
534 3087 574 3147 49
598 3076 617 3140 ιλ
642 3078 675 3142 δὲ
698 3077 853 3158 δύσγαμος
875 3077 939 3140 κατ’
964 3081 1072 3156 οἴκους,

157 3206 229 3270 quo
252 3183 323 3248 loco
346 3184 408 3249 viri
430 3181 517 3247 docti
541 3181 574 3245 δὲ
605 3179 740 3246 delendo
772 3203 895 3245 merum
922 3185 1060 3245 metrum
1085 3182 1254 3247 restituere
1277 3183 1400 3247 volunt.

157 3288 244 3352 Fere
266 3288 351 3351 idem
373 3286 459 3352 valet
481 3287 519 3350 de
543 3307 637 3350 versu

473 3389 509 3453 Τ.
529 3396 569 3456 36
593 3389 790 3474 παραπλῆγες
812 3385 840 3450 δ’
864 3386 948 3471 ἀμφὶ
970 3388 1121 3474 ῥόπτροις.

251 3491 302 3557 Ne
324 3493 377 3557 hic
401 3492 658 3576 quidem'versus
682 3489 855 3568 claudicat,
879 3490 906 3555 si
930 3489 961 3552 δ’
981 3490 1116 3557 deletur.
1150 3491 1287 3555 Etiamsi
1306 3492 1402 3557 facile

159 3596 236 3662 fieri
258 3600 405 3681 poterat,
437 3599 474 3658 ut
495 3593 655 3677 particula
678 3594 709 3656 δ’
733 3616 752 3658 a
774 3593 925 3673 librario,
959 3595 1015 3679 qui
1052 3594 1311 3660 coniunctionem
1347 3597 1403 3660 de-

160 3701 335 3779 sideraret,
372 3699 583 3776 insereretur,
627 3701 735 3763 tamen
770 3696 853 3761 nibil
888 3700 1019 3762 mutem.
1071 3695 1140 3761 Iam
1171 3699 1255 3763 enim
1288 3702 1404 3783 poetae

159 3803 333 3870 dramatici
370 3806 519 3888 quartam
555 3802 651 3867 huius
686 3803 814 3888 generis
848 3825 958 3867 versus
989 3799 1147 3886 syllabam
1180 3823 1238 3885 pro
1271 3802 1405 3885 ancipiti

157 3906 367 3985 habuerunt,
392 3907 449 3971 cfr.
474 3905 626 3990 Aeschyl.
652 3905 764 3991 Suppl.

482 4033 561 4095 1021
587 4032 797 4112 aspernabatur
820 4028 962 4106 παλαιόν,

478 4137 559 4197 1027
584 4129 652 4192 τόδε
674 4134 882 4209 μειλίσσοντες
903 4124 1003 4206 οὖδας.

445 4232 612 4318 Aristoph.
636 4233 717 4297 Ran.

500 4343 561 4403 345
585 4335 782 4398 ἀποσείονται
807 4335 840 4398 δὲ
862 4334 967 4410 λύπας.

162 4489 377 4504 ..ν-...-

261 4576 280 4642 ¹)
297 4577 423 4630 Duarum
444 4592 543 4630 mecon
563 4575 742 4641 solutionem,
757 4575 870 4643 qualem
887 4574 963 4644 apud
977 4574 1080 4628 catull.
1098 4572 1139 4639 63,
1154 4573 1202 4625 63:
1224 4590 1291 4642 ,ego
1305 4575 1407 4628 mulier

159 4680 222 4733 ego
242 4661 404 4715 adolescens
424 4678 476 4728 ego
495 4661 620 4730 ephebus
639 4677 692 4727 ego
711 4660 805 4728 pucr“‚
825 4659 901 4728 apud
921 4659 1074 4713 Lucianum
1094 4675 1150 4712 non
1170 4658 1316 4714 habemus.

1234 4764 1252 4815 4
