3120 5354
764 292 802 350 25

210 495 292 560 (1.7
322 499 457 574 ματαίαν
490 494 663 578 πρόφασιν,
700 499 738 560 13
772 491 965 570 δαμασθεὶς,
999 489 1169 570 ὀνομάσας,
1205 496 1243 555 41
1277 494 1400 551 πίπτων

270 598 452 684 καταβάλῃς,
475 603 515 665 62
539 595 723 680 στρατιώτης
744 601 877 674 γέγονας,
901 603 939 662 63
959 595 1089 680 πληγῇςς
1113 598 1314 678 περικνκλοῖς,
1338 600 1399 661 108

268 703 370 778 νυκτὸς
393 701 565 779 δοοπνίσας,
590 708 649 767 159
673 700 825 778 πλανήτας
847 697 1007 783 περιελών.
1313 731 1316 736 ·

253 821 419 886 Permulta
450 821 567 885 horum
599 820 820 904 exemplorum
853 819 898 882 ita
929 840 998 882 esse
1021 821 1206 901 comparata
1228 821 1331 902 patet,
1364 820 1399 881 ut

166 925 247 989 arsis
270 925 376 989 soluta
398 924 558 1009 bisyllaba
579 923 819 1008 praepositione
843 922 1055 987 contineatur.

252 1028 285 1112 2)
309 1028 339 1092 A
362 1028 522 1092 solutione
553 1026 649 1091 modo
680 1030 836 1104 tractata,
869 1047 966 1110 quam
998 1046 1108 1089 omnes
1140 1028 1171 1088 et
1201 1025 1343 1110 tragicos
1366 1028 1398 1090 et

165 1131 305 1196 comicos
335 1134 447 1215 poetas
475 1131 573 1216 longe
596 1130 855 1214 frequentissime
879 1128 1061 1193 adhibuisse
1083 1132 1197 1192 notum
1220 1132 1284 1207 est,
1313 1129 1399 1193 haud

166 1234 306 1298 multum
329 1235 426 1298 distat
449 1257 486 1298 ea
509 1256 591 1319 quae
609 1234 716 1298 thesin
734 1233 958 1318 monosyllabo
982 1233 1129 1298 effectam
1153 1232 1288 1316 excipit,
1312 1232 1398 1296 arsin

162 1337 256 1401 initio
275 1338 362 1402 vocis
380 1339 543 1422 sequentis
557 1336 801 1402 conformatam.
815 1336 906 1412 Quod
920 1359 1003 1401 unus
1017 1335 1397 1421 observavitAeschylus,

163 1444 200 1503 ut
225 1439 359 1525 eligeret
380 1441 553 1520 vocabula,
584 1464 667 1525 quae
691 1440 862 1505 cohaerent
894 1463 966 1505 cum
990 1441 1268 1519 antecedentibus,
1283 1462 1397 1504 mono-

165 1542 305 1626 syllaba,
338 1545 421 1628 apud
444 1543 622 1609 Lucianum
645 1544 752 1608 valere
785 1567 848 1609 non
873 1544 1018 1621 videtur3
1049 1544 1185 1608 duorum
1219 1544 1304 1608 enim
1342 1545 1398 1628 qui

164 1650 277 1710 extant
306 1647 450 1712 locorum
474 1646 557 1711 alter
590 1648 725 1731 praebet
747 1648 930 1732 exemplum
953 1648 1059 1712 laesae
1095 1647 1178 1711 alter
1210 1647 1397 1711 observatae

162 1749 313 1835 regulae:

524 1853 560 1917 Τ.
586 1860 647 1922 219
671 1858 724 1916 καὶ
745 1856 797 1934 γῆς
818 1854 900 1939 ὅρια,

523 1958 559 2024 Ο.
606 1969 643 2028 91
670 1959 760 2023 δοκεῖ
776 1979 843 2032 σοις
870 1960 1056 2036 κατακνήσω.

250 2079 464 2164 Frequentius
486 2080 667 2144 invenimus
689 2081 774 2163 apud
797 2079 974 2144 Lucianum

251 2187 284 2268 3)
307 2183 463 2268 Dactylos
494 2184 541 2247 ita
572 2188 790 2268 comparatos,
824 2187 860 2247 ut
890 2183 971 2249 arsis
1002 2204 1152 2267 expressa
1175 2183 1217 2246 sit
1239 2181 1396 2248 vocabulo

161 2287 342 2372 bisyllabo,
366 2286 466 2350 thesis
490 2293 632 2351 extrema
655 2287 872 2352 antecedentis
894 2286 1038 2371 syllaba:

205 2406 242 2470 Τ.
267 2414 306 2475 61
330 2407 473 2488 ἀμείβειν
496 2409 558 2486 ἐπί,
584 2415 643 2476 183
667 2407 775 2493 ὁρᾶται
797 2409 885 2489 μετά.

204 2509 243 2574 0.
269 2517 306 2578 29
327 2509 424 2586 δεινὸς
442 2511 542 2586 πόνος,
565 2519 604 2579 33
620 2517 807 2595 κλεψίγωλον
820 2511 913 2590 πόδα,
937 2520 976 2580 35
994 2512 1092 2587 δεινὸς
1106 2513 1194 2590 κατά,
1217 2519 1257 2580 86
1272 2513 1398 2591 ἐπλήγην

265 2611 344 2693 ὑπό,
377 2622 437 2682 110
461 2617 554 2695 οἷμον,
577 2615 695 2694 πόθεν,
729 2623 788 2682 127
821 2615 960 2701 ἀφορμῆς
982 2616 1073 2699 δίχα,
1107 2624 1167 2685 138
1190 2614 1282 2701 ἀρχὴν
1303 2613 1399 2697 ὄνομ’,

269 2724 329 2786 158
353 2717 480 2810 ἀφανῶς
503 2720 589 2782 κατά.

250 2835 320 2912 Quo
350 2837 384 2900 in
413 2837 584 2903 solutionis
615 2862 734 2925 genere
766 2841 937 2925 quinquies
968 2842 1054 2906 arsin
1082 2840 1281 2924 ebisyllaba
1303 2862 1397 2923 prae-

158 2939 322 3025 positione
345 2944 546 3005 constantem
564 2942 744 3008 arctissimo
764 2966 848 3007 nexu
863 2966 935 3008 cum
950 2944 1158 3028 sequentibus
1172 2941 1397 3007 cohaerentem

159 3043 317 3107 videmus.
363 3042 428 3107 Ofr.
450 3042 588 3109 Mueller
610 3069 641 3130 p.
668 3055 716 3114 13.

248 3147 281 3230 4)
314 3145 421 3210 Semel
451 3146 614 3213 Lucianus
646 3150 810 3234 dactylum
841 3150 970 3214 admisit
995 3172 1012 3214 e
1034 3149 1259 3235 monosyllabo
1292 3152 1324 3213 et
1345 3148 1396 3213 bi-

164 3249 293 3334 syllabo
316 3251 546 3335 compositum,
570 3253 675 3336 qualis
694 3276 826 3338 perraro
841 3254 925 3337 apud
943 3253 1139 3338 Aeschylum
1154 3258 1187 3318 et
1201 3252 1395 3338 Sophoclem

157 3352 288 3436 saepius
311 3354 395 3438 apud
417 3352 604 3437 Euripidem
628 3359 660 3420 et
682 3356 934 3440 Aristophanem
957 3357 1133 3441 reperitur:

607 3458 643 3522 T.
670 3467 731 3528 240
755 3458 798 3524 uir
820 3463 870 3536 σὸς
894 3461 976 3543 ταχύ,

157 3580 225 3642 qua
255 3557 289 3621 in
319 3557 495 3638 solutione,
529 3582 585 3624 eur
616 3562 701 3645 apud
730 3563 871 3648 tragicos
894 3564 1084 3648 plerumque
1107 3565 1249 3647 positum
1272 3565 1315 3628 sit
1336 3587 1394 3629 vo·

161 3659 315 3724 cabulum
347 3662 605 3747 monosyllabum
637 3667 724 3728 arcte
754 3666 793 3728 ad
817 3668 1007 3730 antecedens
1030 3688 1063 3730 se
1095 3665 1260 3749 applicans
1299 3666 1394 3745 facile

161 3766 213 3826 est
245 3769 424 3847 perspecto.
480 3765 585 3830 Maior
624 3767 726 3851 igitur
760 3768 813 3832 hic
850 3769 984 3834 Luciani
1019 3770 1052 3832 in
1088 3772 1191 3833 metro
1228 3770 1393 3834 tractando

156 3865 300 3929 cernitur
321 3867 462 3934 licentia.
476 3871 497 3952 ¹)

247 3970 280 4053 5)
303 3969 359 4035 Bis
383 3972 469 4035 arsin
493 3973 637 4039 efficiunt
661 3976 723 4039 duo
752 3975 909 4039 vocabula
930 3974 1170 4059 monosyllaba,
1194 3975 1293 4040 thesis
1317 3998 1393 4041 con·

160 4072 285 4136 tinetur
315 4073 379 4138 fine
411 4074 479 4139 eius
515 4078 600 4160 quod
628 4079 801 4157 antecedit,
835 4102 898 4163 qua
919 4079 1044 4142 ratione
1067 4079 1194 4163 saepius
1218 4078 1314 4142 etiam
1337 4079 1393 4143 alii

158 4180 276 4259 poetae
300 4177 463 4261 dactylum
487 4185 751 4262 composuerunt,
777 4205 842 4246 non
865 4181 969 4246 solum
992 4183 1107 4246 comici
1129 4187 1161 4247 et
1183 4182 1314 4266 tragici,
1338 4185 1393 4248 sed

158 4276 259 4340 etiam
275 4276 464 4465 )Greg0rius
487 4280 600 4347 Theol.
632 4281 680 4362 11,
714 4291 747 4362 l,
781 4291 834 4363 12,
867 4291 928 4354 218
960 4285 1125 4370 (Ezechiel
1161 4285 1194 4350 in
1225 4307 1391 4373 exagogae

154 4401 187 4443 v.
214 4387 299 4448 119.

249 4640 268 4703 ¹)
286 4639 369 4709 Apud
388 4639 556 4712 Gregorium
575 4644 628 4699 hoc
647 4662 735 4714 genus
753 4647 901 4703 solutionis
919 4647 1006 4704 deest,
