3120 5354
667 1092 814 1203 Pars
854 1093 886 1206 l.

509 1287 573 1370 De
599 1287 805 1370 iambicis
833 1289 1036 1371 senariis.

692 1547 813 1648 Caput
839 1549 864 1621 l.

599 1719 664 1788 De
686 1720 951 1792 tribrachis.

243 1875 311 1940 lam
334 1877 578 1956 Archilochum,
602 1875 763 1958 Solonem,
786 1876 1000 1954 Semonidem,
1024 1879 1149 1940 veteres
1172 1875 1246 1939 illos
1270 1875 1395 1939 iambo-

155 1979 298 2064 graphos
328 2001 391 2043 non
423 2001 550 2063 semper
580 2001 679 2063 puros
708 1980 851 2044 senarios
881 1980 1066 2065 scripsisse,
1098 1980 1153 2044 sed
1186 1981 1226 2043 ad
1248 1978 1396 2044 licentias

155 2082 309 2164 quasdam
339 2083 525 2167 confugisse
557 2087 692 2148 constat.
738 2080 801 2147 Sed
830 2083 971 2147 nondum
1003 2106 1104 2168 usque
1128 2105 1166 2147 eo
1189 2105 1254 2167 quo
1279 2086 1395 2166 poetae

154 2185 271 2269 tragici
293 2186 459 2249 varietatis
482 2207 688 2250 numerorum
713 2190 947 2269 processerunt,
985 2185 1070 2250 Nam
1089 2186 1167 2250 duas
1186 2189 1315 2249 tantum
1333 2184 1394 2248 sibi

155 2288 372 2370 permiserunt
400 2287 562 2368 licentias,
599 2288 750 2367 alteram,
786 2292 823 2352 ut
851 2289 885 2352 in
915 2288 1112 2372 imparibus,
1146 2289 1201 2373 qui
1234 2288 1394 2365 dicuntur,

156 2389 274 2452 senarii
306 2389 386 2453 locis
418 2391 594 2473 spondeum
617 2390 840 2468 admitterent,
877 2390 1030 2470 alteram,
1062 2395 1098 2455 ut
1120 2412 1179 2475 pro
1202 2390 1311 2454 iambo
1335 2388 1394 2453 tri·

155 2491 321 2569 brachum,
345 2492 466 2576 quippe
489 2493 555 2575 qui,
579 2515 651 2557 cum
675 2494 810 2557 eundem
834 2516 930 2578 quem
953 2494 1079 2558 iambus
1097 2516 1259 2558 morarum
1281 2516 1395 2557 nume-

157 2616 229 2656 rum
246 2593 374 2672 habeat,
397 2594 493 2658 facile
512 2617 583 2659 cum
605 2618 642 2661 eo
663 2597 921 2682 coniungeretur,
941 2597 1183 2663 substituerent.
1222 2595 1333 2679 Atque
1355 2617 1395 2658 ne

156 2696 215 2760 has
251 2697 380 2781 quidem
416 2699 553 2782 saepius.
602 2697 664 2763 Sed
687 2699 751 2763 iam
783 2703 899 2783 poetae
934 2699 1091 2776 scaenici,
1128 2720 1210 2782 quos
1233 2698 1396 2762 rarissime

156 2803 283 2862 tantum
311 2799 493 2864 adhibuisse
521 2801 553 2864 in
577 2802 715 2886 dialogis
733 2824 844 2867 versus
868 2825 906 2867 ex
929 2803 1027 2866 meris
1049 2801 1166 2866 iambis
1186 2801 1394 2884 compositos,

156 2902 211 2965 sed
240 2901 274 2965 in
306 2902 429 2985 primo,
459 2905 572 2983 tertio,
605 2905 719 2988 quinto
749 2905 887 2969 trimetri
918 2905 991 2970 loco
1021 2927 1117 2988 saepe
1147 2905 1306 2988 spondeos
1339 2905 1395 2967 ad-

156 3003 281 3068 misisse
314 3009 426 3069 notum
459 3009 516 3084 est,
548 3007 730 3071 tribrachos
753 3007 798 3071 ita
822 3007 1091 3092 frequentabant,
1128 3011 1164 3070 ut
1186 3007 1221 3070 in
1243 3006 1395 3070 omnibus

157 3107 274 3170 senarii
297 3108 441 3191 pedibus,
465 3109 492 3172 si
516 3109 637 3193 excipis
661 3109 810 3173 ultimum
835 3114 866 3173 et
889 3110 1055 3194 quintum,
1079 3110 1111 3172 in
1135 3130 1199 3193 quo
1223 3112 1273 3172 est
1296 3108 1396 3172 raris-

156 3210 266 3287 simus,
290 3217 523 3296 comparerent,
556 3210 618 3276 Sed
638 3235 709 3276 cum
733 3212 831 3276 etiam
850 3211 899 3275 illi
914 3213 947 3276 in
961 3213 1022 3278 hac
1036 3213 1198 3278 solutione
1214 3212 1396 3276 adhibenda

155 3313 240 3377 inter
254 3336 287 3377 se
299 3314 462 3392 differant,
477 3314 540 3379 iam
556 3337 788 3400 cognoscamus
804 3337 896 3379 usum
910 3315 1148 3380 tribrachorum
1158 3315 1364 3380 Lucianeum.
1374 3316 1395 3398 ¹)

242 3416 314 3482 Hoc
346 3417 418 3481 loco
451 3418 530 3481 mihi
563 3419 832 3502 praemittendum
860 3441 928 3483 esse
952 3441 1083 3498 censeo,
1115 3419 1201 3504 quod
1225 3419 1395 3483 observari

156 3519 297 3583 comicos
320 3519 459 3583 minores
482 3520 515 3582 in
537 3521 673 3603 pedibus
692 3521 807 3585 solutis
823 3522 864 3585 ab
880 3522 1098 3606 Aristophane
1113 3543 1178 3586 non
1192 3522 1393 3604 discrepare:

157 3644 268 3685 omues
299 3623 478 3687 solutiones
512 3646 595 3708 quae
627 3623 804 3708 qualesque
836 3625 869 3687 in
901 3624 1098 3690 comicorum
1120 3625 1281 3690 minomm
1304 3623 1397 3709 frag·

159 3725 274 3787 ruentis
303 3725 527 3804 inveniuntur,
560 3727 654 3790 etiam
688 3728 772 3810 apud
792 3727 1041 3812 Aristophanem
1065 3731 1186 3791 extant.
1224 3726 1339 3812 ltaque
1362 3729 1395 3790 in

249 4002 265 4067 ¹)
284 4001 391 4070 Sequar·
406 4003 436 4056 in
450 4003 587 4072 exemplis
601 4003 774 4058 solutionum
789 4005 963 4072 tragicorum
980 4019 1042 4056 cum
1058 4000 1182 4057 Luciano
1201 4003 1396 4058 conferendis:

313 4087 343 4140 C.
358 4087 387 4140 F.
401 4088 429 4140 M
438 4088 572 4142 ueller:
598 4088 639 4142 De
653 4087 772 4156 pedibus
786 4088 884 4143 solutis
895 4089 925 4142 in
936 4087 1117 4155 dialogorum
1127 4086 1244 4141 senariis
1254 4087 1395 4155 Aeschyli,

364 4172 518 4242 Sophoclis,
538 4173 688 4243 Euripidis.
726 4173 803 4228 Gott.
825 4174 898 4228 1866.

313 4259 341 4312 C.
357 4257 386 4311 F.
401 4259 572 4313 Mueller:
600 4260 641 4312 De
659 4259 778 4328 pedibus
806 4260 905 4314 solutis
930 4259 959 4312 in
983 4261 1157 4330 tragicorum
1180 4259 1321 4313 minorum
1346 4259 1395 4312 tri-

363 4343 461 4398 metris
479 4343 617 4398 iambicis.
636 4344 691 4397 Kil.
712 4345 786 4399 1879.

1050 4431 1238 4486 comicorum:

311 4515 525 4583 Widegren:
552 4518 593 4572 De
621 4535 738 4572 numero
765 4521 794 4571 et
817 4517 1040 4573 conformatione
1059 4516 1163 4586 pedum
1182 4515 1338 4570 solutorum
1362 4515 1392 4568 ni

363 4602 481 4656 senariis
499 4603 706 4672 Aristophanis.
742 4602 877 4672 Upsaliae
898 4602 971 4656 1868.
