3120 5354
784 278 1080 398 EQ!

327 506 376 571 De
408 528 499 570 versu
534 505 570 569 Τ.
596 514 635 573 39
667 505 847 588 disceptant
879 505 939 567 viri
970 503 1065 567 docti.
1098 525 1099 528 ¹
1124 502 1190 566 Alii
1226 502 1341 588 legunt
1380 504 1494 579 κλάζει

241 617 395 698 βρίθουσα
427 609 578 691 σάλπιγξ,
609 608 794 673 Dindorfius
826 608 995 690 proposuit
1026 606 1130 681 κλάζει
1160 604 1194 667 δὲ
1216 608 1312 691 βριθὺ
1338 606 1494 686 σάλπιγξ,

241 716 296 779 sed
327 715 388 778 hoc
420 713 514 776 nimis
547 735 566 775 a
607 713 766 796 scriptura
798 711 923 775 tradita·
952 711 1054 786 κλάζει
1088 709 1122 772 δὲ
1153 713 1307 792 βρίθουσα
1348 709 1494 789 σάλπιγξ

242 819 379 882 aberrat.
425 816 518 879 Prius
542 815 621 879 mihi
644 815 846 899 probabilius
869 814 1010 892 videtur,
1035 835 1107 877 cum
1131 813 1227 877 etiem
1252 836 1280 876 v.
1305 822 1346 880 36
1371 814 1492 876 eodem

242 944 352 986 versus
376 920 447 984 loco
472 918 600 1002 syllaba
621 918 720 1005 longa
742 919 794 983 sit,

240 1033 242 1039 '
326 1022 390 1088 cfr.
414 1024 453 1087 ad
477 1045 505 1086 v.
529 1030 569 1089 36
584 1044 641 1105 sq.
667 1021 915 1106 Pseudorigenis
943 1043 1074 1085 versus:

606 1124 650 1187 Οὔ
674 1125 827 1187 κωδώνων
849 1125 903 1185 σὺν
923 1124 1062 1206 βόμβοις,

606 1200 681 1290 Obd'
705 1221 768 1297 αὖτ’
793 1226 893 1289 αὐλῶν
912 1225 1043 1304 Ἰδαίων,

605 1331 765 1415 Κουρήτων
790 1330 959 1413 ἰβακτὴρων
981 1355 1007 1390 κ.
1033 1355 1058 1390 r.
1085 1336 1109 1391 λ.

678 1435 914 1519 (Schneidewin
938 1435 970 1498 in
994 1433 1112 1498 Philol.
1137 1434 1200 1498 vol.
1225 1432 1273 1497 lll
1296 1457 1327 1516 p.
1353 1435 1445 1516 263.)

817 1624 834 1706 β
861 1632 909 1692 19.

752 1780 796 1848 ne
818 1779 981 1849 Sotadeis.

330 1952 486 2018 Venimus
523 1951 561 2014 ad
597 1973 708 2015 versus
740 1952 776 2016 Τ.
809 1958 986 2020 113-124.
1032 1951 1139 2015 Etiam
1172 1951 1205 2014 in
1239 1951 1301 2013 hoc
1332 1972 1492 2013 versuum

245 2079 378 2141 genere,
418 2056 503 2138 quod
535 2054 693 2119 aSotade
725 2056 925 2133 nominatur,
963 2078 1021 2138 per
1052 2054 1221 2117 άνάκλασιν
1252 2053 1413 2137 quandam
1450 2075 1491 2116 ex

244 2159 346 2223 lonici
369 2181 387 2221 a
411 2157 532 2221 maiore
555 2158 661 2222 forma
680 2170 723 2206 -‘-
732 2171 774 2204 ὲ
786 2193 869 2220 vv
898 2159 961 2222 alia
984 2159 1021 2221 fit
1035 2169 1078 2204 -'-
1092 2191 1133 2218 υ
1147 2169 1190 2204 -’-
1204 2191 1255 2220 υ.

331 2261 532 2343 Quamquam
564 2258 692 2326 lonicus
725 2287 743 2327 a
769 2264 891 2327 maiore
923 2267 1039 2326 natura
1070 2284 1128 2326 sua
1158 2259 1336 2344 permultas
1369 2258 1492 2341 recipit

164 2422 174 2445 ,
245 2385 412 2428 mensurae
444 2364 617 2429 varietates
650 2367 768 2450 (forma
800 2367 885 2430 enim
917 2375 1012 2409 Μ-
1028 2394 1119 2422 νυ
1142 2386 1224 2448 pura
1254 2362 1399 2428 continet
1431 2361 1492 2425 has

244 2468 412 2532 duodecim
435 2477 487 2534 ἐς
501 2479 552 2536 0¹:
571 2489 692 2554 33,
716 2470 821 2534 forma
840 2480 882 2514 -‘-
897 2503 937 2527 υ
951 2478 994 2513 ss
1005 2501 1046 2528 ψ
1064 2467 1259 2548 ἀνακλωμένη
1273 2466 1331 2530 has
1347 2466 1491 2530 sedecim

245 2581 296 2639 τ’,
313 2609 357 2646 v
370 2581 422 2639 :le
439 2609 496 2650 v,
521 2574 603 2637 unde
627 2573 758 2638 omnino
777 2573 937 2657 prodeunt
956 2572 1226 2656 duodetriginta),
1250 2575 1359 2633 tamen
1374 2589 1490 2633 versus

246 2673 374 2739 Sotadei
398 2675 431 2738 in
456 2676 640 2739 universum
664 2697 807 2739 severam
831 2675 1098 2759 compositionem
1121 2674 1285 2758 praebent.

332 2777 451 2842 Nullae
475 2778 561 2842 enim
584 2777 694 2842 valent
717 2779 912 2843 mutationes
931 2778 994 2842 nisi
1008 2799 1091 2860 quae
1107 2782 1209 2841 metro
1223 2776 1294 2859 ipso
1309 2773 1491 2858 permissae

246 2886 320 2945 sunt
352 2880 545 2960 solutiones,
579 2881 830 2960 contractiones,
861 2904 919 2966 pro
944 2881 1033 2945 brevi
1061 2879 1150 2944 finali
1173 2879 1298 2963 syllaba
1320 2877 1423 2962 longa
1448 2880 1490 2955 et,

245 2989 282 3048 ut
305 2984 431 3049 metrici
455 2985 586 3062 docent,
619 2985 723 3048 rarius
746 2984 959 3048 choriambus.
1004 2983 1076 3047 Hoc
1098 2985 1192 3048 modo
1216 2979 1389 3065 compositi
1414 2983 1492 3044 sunt

246 3086 375 3151 Sotadis
399 3088 500 3171 ipsius
524 3109 651 3166 versus,
675 3087 731 3171 qui
753 3087 847 3152 uobis
870 3087 989 3150 servati
1007 3090 1082 3150 sunt
1100 3086 1184 3170 apud
1200 3083 1492 3167 Hephaestionem,

244 3191 466 3268 Athenaeum,
491 3190 684 3270 Stobaeum,
708 3192 820 3256 deinde
844 3214 954 3256 versus
977 3190 1176 3255 Moschionis
1200 3187 1270 3272 (cfr.
1291 3184 1491 3249 Puchstein:

244 3293 356 3377 Epigr.
390 3291 501 3358 Graec.
535 3295 568 3357 in
599 3294 741 3380 Aegypt.
766 3300 908 3379 reperta,
932 3296 1016 3360 Diss.
1041 3297 1122 3380 phil.
1150 3295 1284 3379 Argent.
1311 3292 1423 3375 1880.)
1459 3295 1494 3355 et

244 3395 391 3460 nonnulli
416 3396 472 3460 alii
495 3397 646 3482 dispersi,
670 3405 725 3464 ut:

433 3498 559 3587 Ιὤδινεν
580 3499 659 3586 daeg,
682 3503 757 3577 Ζεὺς
780 3501 809 3564 d'
829 3503 977 3583 ἐφοβήθη,
1001 3504 1032 3564 τὸ
1056 3501 1083 3564 d’
1109 3503 1190 3563 ἔτεκε
1208 3500 1277 3578 μῦν,

244 3604 276 3666 in
300 3625 364 3686 quo
389 3626 483 3667 versu
508 3605 547 3668 ab
571 3605 759 3669 Hermanno
784 3604 838 3689 (el.
853 3605 881 3668 d.
898 3627 939 3668 nr.
963 3628 994 3689 p.
1011 3606 1088 3686 444)
1112 3603 1261 3689 neglecto
1284 3600 1494 3685 paenultima

244 3704 342 3790 longa
366 3705 490 3790 syllaba
512 3708 546 3771 in
569 3708 647 3772 duas
670 3708 783 3773 breves
807 3706 913 3771 soluta
931 3711 996 3786 est,
1021 3729 1160 3791 quocum
1180 3705 1326 3769 conferas
1344 3725 1494 3782 versum,

243 3831 338 3892 quem
376 3808 556 3875 Buecheler
592 3811 810 3875 Romanorum
848 3832 917 3874 esse
953 3814 1052 3894 negat
1087 3808 1183 3892 (Mus.
1213 3807 1317 3873 Rhen.
1349 3806 1416 3872 vol.
1449 3816 1492 3874 35

243 3914 505 3996 p.399-400s:

373 4038 488 4099 „quem
512 4039 575 4080 nou
599 4018 698 4100 pudet
722 4021 754 4080 et
775 4017 869 4080 rubet
892 4038 956 4080 non
980 4020 1028 4080 est
1051 4016 1148 4080 homo
1168 4015 1222 4079 sed
1240 4012 1363 4097 ropi0.“

242 4115 306 4180 Ofr.
340 4117 576 4196 Wilamowitz,
620 4118 737 4183 Philol.
771 4117 1066 4202 Untersuchungen
1097 4118 1160 4182 vol.
1194 4116 1241 4180 lX
1274 4139 1305 4199 p.
1341 4123 1406 4183 139
1442 4138 1492 4199 sq.

329 4219 467 4284 Romani
487 4225 595 4284 eutem
608 4222 642 4284 in
665 4221 727 4286 hoc
751 4225 854 4284 metro
879 4221 1058 4285 adhibendo
1082 4244 1146 4285 non
1169 4221 1308 4284 multum
1331 4219 1494 4284 distante

243 4321 391 4399 Graccis3
415 4324 585 4407 perpaucis
609 4324 738 4406 quidem
760 4328 887 4388 tantum
911 4325 960 4387 usi
982 4328 1057 4388 sunt
1080 4325 1169 4407 pedis
1192 4322 1295 4387 ionici
1319 4344 1338 4385 a
1362 4324 1494 4388 maiore

242 4425 364 4488 lbrmis.
413 4426 505 4501 Quod
542 4426 683 4490 ostendit
714 4426 957 4503 Lechnrannns,
995 4427 1051 4510 qui
1083 4430 1116 4489 in
1139 4425 1271 4511 egregia
1302 4426 1340 4489 de
1364 4426 1494 4492 Roma·

244 4550 357 4591 norum
391 4527 537 4593 Sotadeis
574 4529 762 4613 quaestione
799 4526 879 4613 (lud.
912 4527 1000 4595 lectt.
1033 4528 1139 4592 Berel.
1174 4529 1345 4614 letalem:
1401 4529 1496 4608 ,Hoc

242 4629 373 4715 igitur‘,
397 4631 517 4715 inquit,
544 4635 675 4711 ,nretro,
700 4633 789 4696 cuius
813 4654 940 4716 ornnem
964 4631 1123 4695 rationem
1147 4632 1275 4696 saeculo
1299 4655 1331 4715 p.
1356 4631 1436 4697 Chr.
1461 4657 1495 4698 n.
