3120 5354
247 524 324 583 sunt
347 543 366 583 a
389 519 584 583 comicorum
617 519 720 583 altero
752 520 841 603 pede.
888 519 1122 602 Aristophanes
1149 521 1281 604 praebet
1303 520 1495 585 huiusmodi

248 644 418 687 numerum
440 623 527 686 haud
549 622 712 707 exiguum.
753 621 816 687 Sed
839 624 924 706 quod
945 623 985 686 de
1006 624 1179 686 verborum
1201 623 1287 706 apud
1309 621 1493 686 Lucianum

248 732 338 791 arcto
362 750 447 791 nexu
470 727 554 804 dixi,
586 749 682 810 quam
706 725 879 810 diligenter
901 725 1021 789 caverit
1043 725 1141 789 etiam
1165 725 1418 808 Aristophanes,
1453 747 1494 788 ex

248 830 397 894 omnibus
430 828 497 894 fere
529 829 686 912 exemplis
718 850 848 893 cernere
879 827 965 892 licet.
1010 828 1181 914 Emagno
1212 851 1324 893 eorum
1352 851 1492 894 numero

249 931 422 996 nonnullos
445 932 478 994 in
502 931 641 995 medium
664 931 845 1013 proferam,
874 953 891 994 e
914 931 1031 1015 quibus
1054 931 1151 995 simul
1173 931 1343 1016 apparebit
1365 933 1492 996 similes

249 1034 420 1098 verborum
443 1033 686 1099 coniunctiones
710 1035 807 1098 etiam
830 1034 914 1118 apud
937 1033 1187 1118 Aristophanem
1213 1056 1401 1100 occurrere:

454 1137 534 1202 Ach.
608 1144 669 1203 244
692 1139 725 1198 τὸ
749 1137 865 1199 κανοῦν.

454 1239 539 1305 Nub.
609 1247 670 1309 782
694 1239 858 1320 κατ’ἐμοῦ.

455 1343 552 1426 Vesp.
610 1343 853 1429 7629060'1‘102.

452 1447 526 1511 Pac.
588 1454 669 1514 1116
693 1447 831 1526 111111.

454 1551 514 1614 Av.
633 1557 671 1616 57
695 1554 900 1629 τίλέγεις,
925 1558 1007 1618 1685
1031 1551 1052 1611 ἃ
1075 1556 1214 1631 λέγεις.

454 1653 583 1717 Thesm.
608 1660 669 1719 647
693 1652 748 1714 τιν’
773 1654 858 1736 ἔξεις.

411 1779 417 1791 ·
453 1759 586 1843 Lysistr.
609 1765 666 1825 131
693 1762 736 1820 σὺ
760 1764 898 1838 λέγεις.

453 1861 533 1925 Rau.
612 1869 669 1927 171
695 1867 729 1924 σὲ
751 1868 838 1943 λέγω.

454 1967 541 2031 Eccl.
608 1973 670 2033 312
693 1969 768 2052 πρὸς
790 1966 842 2044 ἴω,
867 1974 949 2035 1050
972 1966 1044 2050 παρ’
1068 1970 1145 2045 ἐμοί.

454 2070 539 2135 Ρ1111.
629 2078 668 2138 67
692 2070 709 2132 t
732 2076 818 2149 λέγω.

336 2177 369 2258 3)
392 2174 517 2239 Semel:

676 2275 712 2339 Ο.
739 2283 778 2341 22
801 2276 895 2338 ταῦτα
917 2275 1055 2359 plausui,

248 2385 444 2464 anapaestus
468 2380 651 2444 continetur
673 2378 736 2441 fine
754 2377 905 2441 vocabuli
924 2382 956 2441 et
973 2377 1135 2460 prioribus
1154 2376 1288 2460 syllabis
1304 2380 1383 2454 eius,
1402 2379 1492 2461 quod

249 2484 404 2567 sequitur.
451 2481 577 2546 Solutio
607 2483 677 2566 ipsa
700 2480 784 2565 apud
807 2480 948 2565 tragicos
970 2479 1094 2557 deficit,
1127 2483 1217 2543 extat
1238 2485 1346 2543 autem
1370 2481 1493 2544 iterum

249 2587 334 2669 apud
359 2585 630 2668 Aristophanem,
663 2584 748 2667 apud
778 2604 891 2667 quem,
923 2587 960 2645 nt
983 2588 1094 2645 nostro
1128 2581 1275 2665 exemplo
1299 2580 1494 2665 pronomen,

249 2689 384 2753 alterum
409 2690 448 2752 ad
472 2688 609 2752 alterum
633 2685 824 2750 vocabulum
848 2685 1026 2749 arctissime
1049 2685 1203 2767 pertinet.

819 2946 837 3029 a
864 2952 912 3011 12.

622 3135 666 3203 Do
689 3134 883 3220 anapaestis
905 3133 996 3203 tertii
1022 3135 1123 3220 penis.

334 3320 371 3384 ln
403 3322 499 3385 tertia
520 3322 660 3385 trimetri
683 3322 762 3404 pede
794 3343 876 3384 unus
900 3324 1025 3384 tantum
1049 3320 1134 3403 apud
1155 3319 1331 3383 Lucianum
1358 3321 1491 3385 obviam

247 3425 283 3486 lit
307 3428 516 3506 anapaestus:

664 3509 700 3573 Τ.
728 3519 787 3578 168
809 3509 937 3596 polethe,
961 3505 1066 3596 orllpor,

249 3614 305 3697 qui
329 3614 375 3676 ita
397 3617 603 3696 coroparatus
627 3616 691 3692 est,
716 3619 751 3677 ut
773 3613 866 3677 initio
885 3613 1035 3678 vocabuli
1058 3617 1091 3676 et
1110 3613 1328 3677 antecedentis
1346 3616 1490 3696 posteri·

247 3716 357 3779 oribus
396 3715 528 3800 syllabis
566 3715 785 3799 exprimatur,
822 3738 886 3800 quo
924 3716 1119 3780 comicorum
1156 3717 1300 3800 ipsorum
1335 3716 1491 3783 licentiae

246 3821 375 3885 modum
408 3820 541 3884 excedit.
588 3818 672 3883 Nam
695 3818 746 3882 vel
779 3819 813 3881 hi
844 3818 942 3882 talem
973 3824 1180 3903 anapaestum
1213 3821 1246 3883 in
1278 3819 1375 3884 tertio
1407 3824 1490 3906 pede

246 3923 374 3988 efficere
398 3924 491 3988 veriti
515 3928 599 3987 sunt.

332 4025 451 4106 (lausa,
481 4050 538 4091 cur
560 4049 642 4091 unus
665 4030 791 4089 tantum
814 4026 903 4089 tertii
926 4026 1015 4109 pedis
1039 4031 1231 4110 anapaestus
1254 4027 1414 4091 admissus
1436 4027 1491 4104 sit,

245 4130 349 4194 tacilis
385 4135 432 4193 est
462 4129 647 4193 intellectu:
684 4129 822 4191 vidimus
845 4127 942 4213 longe
965 4127 1122 4212 plurimos
1145 4133 1335 4213 anapaestos
1359 4150 1400 4192 ex
1424 4152 1490 4193 una

245 4255 323 4296 voce
357 4237 503 4297 constare
535 4254 639 4316 neque
671 4231 789 4295 divisos
822 4253 900 4295 esse.
947 4230 1086 4295 (laesura
1115 4237 1222 4296 autem
1246 4232 1491 4316 semiquinaria,

244 4357 325 4417 quac
350 4340 399 4398 est
421 4335 505 4418 apud
528 4333 705 4397 Lucianum
729 4334 952 4412 usitatissima,
989 4333 1105 4414 efficit,
1139 4339 1175 4399 ut
1207 4335 1365 4400 vocabula
1405 4358 1493 4419 quae

244 4439 413 4500 continent
441 4438 571 4501 tertium
596 4437 709 4520 pedem
733 4439 798 4500 sint
821 4437 1013 4515 dirimenda,
1045 4438 1163 4514 idest,
1194 4443 1230 4501 ut
1251 4438 1367 4501 tertius
1390 4460 1452 4522 pes
1476 4462 1494 4502 e

243 4539 391 4623 pluribus
423 4539 589 4604 vocabulis
625 4539 854 4605 conformetur.
899 4539 1008 4604 Etiam
1040 4540 1101 4604 hac
1130 4541 1221 4604 inre
1244 4539 1494 4605 similitudinem

242 4644 400 4727 ‹prarulam
434 4645 659 4727 11111111111111111
696 4645 779 4706 inter
816 4643 992 4706 lureiauunr
1030 4649 1063 4705 ot
1095 4643 1354 4726 Aristophanem,
1403 4642 1493 4708 Nam
