3120 5354
762 297 916 389 ,31-

308 499 417 562 Etiam
450 497 511 561 hoc
543 497 615 561 loco
649 519 740 561 usnrn
775 497 982 560 observamus
1009 520 1027 559 a
1051 495 1184 580 tragicis
1214 493 1376 569 alienum,
1415 495 1476 576 qni

225 603 354 688 (pridem
377 605 551 684 anapaesto
575 601 606 663 in
632 600 744 684 quinta
767 601 842 663 sede
865 604 1017 678 utuntur,
1050 601 1104 663 sed
1128 602 1325 663 tamennon
1348 599 1414 664 nisi
1440 601 1474 664 in

224 706 391 770 nominum
437 704 642 788 propriorum
687 703 920 787 posterioribus
965 703 1116 786 syllabis,
1169 702 1294 766 duobus
1339 706 1474 767 tantum

224 807 380 891 exemplis
404 808 547 890 exceptis
571 807 604 870 in
626 805 789 889 Euripidis
812 805 923 869 fabula
946 806 1085 890 satyrica
1109 805 1214 888 chl.:

613 915 674 973 242
699 907 841 990 φάκελον,
865 915 927 975 646
951 906 1083 988 ἀγαθήν,

225 1037 307 1098 quae
333 1013 466 1076 eandem
489 1011 610 1074 habent
632 1010 827 1075 solutionem
851 1014 948 1094 atque
972 1014 1127 1074 nostrum.

800 1285 818 1367 a
845 1293 893 1351 15.

313 1426 458 1511 Singulis
481 1424 684 1510 singulorum
703 1423 902 1488 senariorum
918 1423 1134 1488 solutionibus
1153 1426 1349 1490 enumeratis
1367 1429 1470 1510 atque

227 1530 396 1615 explicatis
419 1529 484 1592 iam
503 1528 645 1592 dicamus
664 1528 702 1591 de
721 1527 760 1590 iis
774 1527 935 1605 versibus,
960 1527 1014 1611 qni
1033 1527 1126 1592 binos
1144 1532 1294 1593 ternosve
1309 1530 1472 1612 praebent

226 1634 323 1717 pedes
355 1632 495 1711 solutos,
528 1653 564 1694 ric
595 1631 735 1714 primum
759 1630 888 1714 quidem
912 1632 949 1695 dc
972 1631 1128 1696 trimetris
1158 1632 1191 1695 in
1214 1632 1331 1715 quibus
1355 1634 1470 1697 eadem

227 1736 346 1800 solutio
371 1736 420 1799 bis
444 1734 613 1818 reperitur.

314 1838 388 1902 Bini
412 1837 567 1902 tribrachi
590 1838 719 1900 extant:

539 1939 575 2003 T.
603 1947 662 2007 184
685 1939 718 2003 in
741 1939 845 2024 prima
869 1944 900 2003 et
923 1941 1019 2004 tertia
1042 1941 1124 2017 sede,

540 2044 576 2106 0.
623 2050 663 2111 70
685 2043 720 2106 in
742 2042 838 2106 tertia
861 2047 894 2105 et
916 2046 1032 2127 rpnnta
1054 2043 1136 2106 sede.

317 2149 384 2212 llas
420 2149 537 2232 pedum
574 2146 814 2211 coniunctiones
851 2169 869 2209 a
900 2146 1043 2210 lmciano
1079 2150 1249 2230 usurpatas
1284 2146 1469 2210 invenimus

231 2253 315 2335 apud
339 2251 607 2335 Aristophanem,
640 2249 694 2333 qni
727 2249 820 2312 binos
852 2249 1032 2331 tribrachos
1060 2248 1157 2312 habet
1180 2249 1213 2312 in
1239 2257 1299 2318 134
1322 2249 1470 2327 senariis,

230 2356 262 2419 in
297 2355 412 2438 quibus
443 2355 551 2418 decem
582 2375 664 2437 (pirae
696 2352 766 2415 fieri
790 2356 925 2434 possunt
963 2373 1119 2436 generum
1149 2351 1245 2436 longe
1269 2352 1471 2436 frequentis·

230 2460 343 2522 simam
376 2458 508 2541 praebet
540 2456 733 2521 solutionem
767 2455 900 2519 alterius
926 2460 958 2518 et
980 2455 1088 2539 quarti
1109 2454 1215 2539 pedis,
1249 2477 1347 2539 quam
1370 2456 1471 2520 etiam

230 2562 314 2645 apud
346 2561 488 2645 tragicos
520 2560 677 2633 minores,
710 2558 766 2642 qui
798 2561 953 2642 quattuor
984 2557 1064 2621 locis
1092 2558 1183 2622 binos
1206 2558 1388 2623 tribrachos
1414 2581 1471 2624 ex·

230 2665 342 2730 hibent
365 2664 554 2728 invenimus.
571 2664 592 2745 ¹)

316 2765 390 2829 Bini
413 2765 568 2830 tribrachi
591 2764 642 2829 vel
664 2765 783 2848 dactyli
805 2765 890 2848 apud
913 2764 1106 2850 Gregorium
1129 2762 1209 2828 Naz.
1232 2765 1265 2827 in
1288 2786 1353 2829 nrm
1374 2787 1473 2829 versu

231 2872 331 2936 iuncti
364 2871 494 2934 omnino
527 2893 591 2936 non
615 2873 736 2933 extant.
781 2867 881 2932 Binos
904 2869 1017 2932 deinde
1040 2866 1185 2950 dactylos
1207 2867 1390 2933 invenimus
1415 2871 1474 2934 ad·

231 2975 346 3039 missos
370 2974 504 3038 senariis
527 2973 595 3037 his:

643 3077 679 3140 T.
707 3085 754 3154 19,
780 3083 830 3154 21,
857 3079 953 3152 Not,
985 3083 1054 3153 172,

645 3180 680 3245 (l.
709 3188 757 3257 13,

232 3284 348 3368 quibus
380 3285 413 3346 in
443 3284 588 3347 versibus
621 3283 821 3367 dactylorum
854 3285 1112 3348 coniunctionem
1146 3283 1206 3348 nisi
1237 3283 1270 3346 in
1302 3282 1411 3367 primo
1444 3290 1477 3349 et

231 3387 327 3451 tertio
360 3388 440 3470 pede
470 3409 534 3451 non
557 3386 692 3470 reperiri
723 3409 818 3471 posse
842 3409 880 3450 ex
904 3388 959 3465 iis,
997 3409 1078 3471 quae
1111 3409 1208 3471 supra
1230 3387 1269 3450 de
1291 3386 1433 3470 dactylis
1458 3411 1478 3452 a

231 3490 373 3554 Lucieno
396 3490 548 3554 adhibitis
580 3490 796 3574 exposuimus,
821 3495 963 3575 apparet.
1010 3489 1095 3554 Nam
1118 3490 1174 3554 nbi
1196 3491 1228 3553 in
1254 3489 1366 3574 quinto
1391 3492 1478 3574 pede

231 3592 377 3677 dactylus
401 3593 558 3657 admissus
582 3595 630 3656 est
651 3590 702 3675 (Ο.
725 3601 763 3660 16
783 3598 815 3656 et
835 3594 900 3676 25),
924 3615 987 3656 non
1011 3615 1083 3656 cnm
1102 3591 1167 3656 alio
1190 3591 1344 3678 iungitur.
1380 3592 1478 3658 Haec

232 3700 339 3759 antem
373 3696 468 3779 primi
492 3699 525 3758 et
548 3694 636 3758 tertii
659 3694 748 3778 pedis
773 3695 955 3759 coniunctio
979 3695 1077 3759 etiam
1101 3696 1185 3779 apud
1207 3693 1477 3778 Aristophanem,

231 3799 287 3882 qui
310 3799 343 3862 in
368 3807 406 3866 59
431 3797 585 3861 trimetris
608 3797 702 3862 binos
724 3797 858 3881 praebet
881 3797 1035 3882 dactylos,
1060 3802 1110 3862 est
1132 3797 1383 3882 usitatissima.²)

318 3900 356 3965 In
373 3901 514 3986 quinque
530 3901 663 3964 Luciani
677 3900 832 3964 trimetris
846 3900 993 3964 iambicis
1005 3900 1072 3964 bini
1088 3901 1253 3984 anapaesti
1263 3900 1362 3984 positi
1378 3906 1478 3967 sunt:

232 4005 268 4069 Τ.
296 4014 356 4074 168
380 4005 413 4069 in
436 4004 542 4089 primo
567 4008 598 4068 et
621 4004 718 4068 tertio
741 4004 837 4087 pede,
862 4007 1016 4087 quattuor
1038 4003 1119 4068 locis
1141 4003 1178 4067 T.
1205 4012 1276 4081 188,
1301 4010 1374 4082 259,
1402 4011 1480 4084 261,

232 4109 268 4172 0.
293 4118 334 4176 b'O
369 4109 400 4171 in
432 4108 537 4191 primo
572 4111 603 4171 et
635 4111 751 4191 quarto
783 4106 879 4189 pede,
917 4107 1095 4171 cuiusmodi
1118 4128 1228 4171 versus
1259 4106 1357 4170 etiam
1390 4110 1481 4192 apud

320 4297 339 4363 ¹)
358 4296 491 4364 Tragicos
519 4299 631 4364 poetas,
661 4314 730 4365 quos
758 4314 900 4365 perpauca
928 4300 1041 4350 tantum
1066 4296 1170 4366 pedum
1190 4296 1347 4351 solutorum
1367 4296 1402 4351 in
1421 4316 1482 4354 nno

231 4382 387 4451 eodemque
407 4399 489 4436 versu
517 4383 649 4451 exernpla
668 4382 773 4436 habere
792 4385 916 4447 constat,
944 4382 979 4435 ad
999 4383 1074 4436 hanc
1092 4383 1290 4451 quaestionem
1307 4381 1338 4435 in
1356 4397 1481 4438 censum

231 4483 331 4522 vocare
349 4485 407 4521 non
425 4485 494 4536 opus
514 4483 572 4522 esse
592 4466 664 4520 mihi
682 4467 804 4522 videtur.

320 4555 340 4622 ²)
370 4554 463 4610 Semel
501 4553 609 4623 dactyli
645 4553 735 4607 iuncti
771 4553 905 4622 leguntur
937 4554 1013 4624 apud
1045 4555 1236 4619 Ezechielem,
1278 4554 1365 4608 semel
1401 4558 1483 4627 apud

230 4641 440 4707 Moschionem3
461 4641 580 4696 eandem
600 4640 709 4696 habent
726 4640 964 4697 consociationem
982 4641 1087 4714 padum
1107 4643 1194 4714 atque
1212 4639 1362 4695 Lucienus.
