3120 5354
489 287 643 377 AL..

523 487 541 568 s
568 493 615 552 re.

37 637 102 702 lam
126 639 164 701 de
186 639 325 702 trimetri
348 639 501 704 Lucianei
525 640 613 704 exitu
637 644 725 717 sunt,
750 663 832 724 quac
855 639 1016 704 dicamus:

36 742 210 806 lucianum
245 749 285 808 96
317 740 481 805 trimetros
504 763 582 806 voce
614 741 803 806 terminasse
833 741 991 819 videmuS,
1024 765 1106 827 qnae
1130 765 1183 806 ac-

12 849 77 908 tum
99 844 345 929 grammaticum
369 844 468 908 habet
490 845 522 907 in
546 843 660 909 ultima
683 845 817 929 syllaba,
842 866 916 928 quo,
941 867 1013 909 cum
1032 868 1183 910 numerus

10 953 166 1012 tetrorum
191 947 335 1011 omnium
357 948 399 1010 sit
422 955 494 1024 404,
518 948 625 1012 evadit
647 947 815 1033 proportio
840 954 914 1024 23,8
927 949 977 1032 010.
1023 948 1182 1024 Quacum

10 1051 157 1132 portione
189 1051 214 1114 si
247 1049 384 1114 aliorum
416 1055 585 1134 poetarum
616 1051 677 1115 hac
708 1051 742 1114 in
773 1073 923 1115 rausum
947 1073 1182 1135 comparamur,

10 1152 281 1217 arethcianum
305 1152 434 1238 alege,
467 1175 564 1237 quam
586 1153 798 1218 Alexandrini
821 1154 1088 1230 observaverunt,
1119 1176 1184 1218 non

10 1257 162 1321 orruisse.
208 1255 235 1320 li
259 1256 343 1322 enim
367 1256 430 1320 iam
454 1281 473 1320 a
495 1258 700 1342 percussione
724 1257 855 1321 ultimae
879 1257 1018 1321 trimetri
1040 1255 1184 1341 syllabae

10 1359 96 1423 ÷dere
119 1364 313 1443 coeperunt,
345 1361 377 1425 id
405 1360 490 1445 quod
514 1360 635 1444 optime
658 1361 857 1424 demonstrat
880 1359 1092 1444 Lycophron,
1129 1362 1185 1444 qui

10 1461 210 1527 Alexandrae
240 1471 323 1530 1474
344 1464 499 1537 trimetris
523 1463 643 1546 37411.
668 1484 694 1527 0.
721 1470 792 1541 2504
807 1462 861 1546 010)
885 1462 999 1526 ultima
1021 1463 1087 1527 ictu
1110 1485 1184 1546 per-

10 1588 40 1628 a
62 1567 204 1651 praebet.
739 1636 743 1641 ,

31 1671 187 1733 Attamen
207 1671 322 1734 'etiam
359 1670 393 1733 111
424 1670 485 1734 hoc
516 1691 576 1733 usu
607 1672 738 1752 poetam
769 1671 915 1732 nostrum
946 1689 1011 1732 non
1043 1671 1109 1731 tam
1144 1669 1185 1731 ab

10 1771 184 1855 =tophane,
222 1772 277 1856 qui
310 1780 349 1839 27
361 1775 419 1857 010,
452 1795 549 1857 quam
580 1797 599 1836 a
622 1771 799 1856 Sophocle,
832 1770 1053 1856 0013211010,
1090 1775 1122 1835 et
1144 1772 1185 1834 ab

10 1872 122 1958 lpide,
147 1875 203 1959 qui
227 1885 298 1953 3o,3
312 1874 352 1962 010
377 1876 485 1954 habet,
509 1876 680 1940 distantem
704 1875 873 1939 cernimus.
919 1872 996 1938 Inde
1019 1875 1059 1937 ab
1082 1874 1186 1939 altero

10 1974 67 2040 hr.
82 2000 113 2040 n.
128 1977 256 2042 saeculo
271 1978 353 2042 hanc
366 1980 525 2043 rationem
539 1979 644 2063 magis
662 1978 830 2064 magisque
844 1977 985 2054 desiisse,
1009 1978 1110 2042 donec
1124 1977 1183 2041 tri-

10 2101 51 2142 31·
64 2080 221 2144 iambicus
235 2080 268 2143 in
277 2081 460 2165 barytonon
469 2081 581 2158 exiret,
596 2086 708 2145 notum
718 2085 777 2145 est.
801 2080 879 2164 (cfr.
892 2080 923 2144 H
925 2080 1040 2164 ilberg,
1054 2079 1186 2162 Princip

21 2182 281 2268 Silbenwttgung
324 2207 354 2267 p.
390 2192 447 2250 271
474 2186 536 2268 sq.)
592 2183 687 2248 Aliud
718 2184 839 2248 facturn
863 2187 913 2247 est
934 2185 973 2248 de
1005 2183 1071 2248 ictu
1094 2187 1186 2248 aute·

10 2286 169 2349 nrrltimae
203 2286 342 2350 trimetri
372 2287 526 2371 syllabae.
572 2286 657 2350 Nam
688 2309 706 2349 a
737 2286 893 2350 trimetris
922 2285 981 2349 tali
1013 2287 1107 2349 modo
1130 2307 1186 2348 ex·

10 2389 100 2451 aibus
123 2393 238 2471 poetae
260 2411 324 2453 non
348 2389 521 2473 paulatim,
545 2393 581 2454 ut
603 2390 643 2454 ab
667 2389 722 2465 iis,
747 2412 828 2474 quos
851 2389 945 2453 modo
968 2388 1186 2465 tractavimus

10 2496 195 2560 orrrrerunt.
242 2491 302 2556 Sed
336 2515 530 2576 quamquam
553 2496 669 2576 poetae
692 2493 747 2557 alii
771 2491 870 2556 alium
893 2492 1049 2576 praebent
1071 2491 1186 2555 talium

10 2615 101 2658 mum
131 2618 317 2674 nnmerum,
350 2599 458 2659 tamen
480 2618 521 2659 ne
543 2595 597 2659 hic
619 2596 748 2680 quidem
772 2595 971 2660 senariorum
994 2594 1186 2678 compositio

34 2699 139 2761 exitus
169 2720 244 2763 casu
276 2703 308 2762 et
331 2698 461 2763 fortuna
485 2699 677 2763 continetur.
723 2697 818 2764 Certa
840 2699 925 2762 enim
949 2698 1001 2762 via
1022 2697 1186 2782 progressi

10 2819 20 2858 3
46 2801 172 2885 tragici,
197 2805 284 2865 certa
303 2802 427 2866 comici.
467 2801 545 2865 Fere
565 2802 769 2867 consentiunt
784 2801 975 2885 Aeschylus,
999 2799 1187 2884 Sophocles,

10 2902 137 2986 ipides,
172 2903 239 2967 fere
263 2903 514 2988 Aristophanes,
552 2903 742 2983 Philemon,
778 2903 963 2968 Menander.
1007 2903 1185 2968 Luciauum

10 3024 68 3082 ern,
92 3006 146 3090 qui
169 3005 203 3068 in
226 3013 289 3074 404
308 3006 463 3071 trimetris
482 3014 522 3076 82
543 3007 699 3072 eiusmodi
717 3007 901 3091 suppeditat
924 3006 958 3090 (i.
983 3029 1010 3070 e.
1036 3013 1107 3084 20,3
1122 3005 1186 3090 010),

10 3109 133 3172 1111130
166 3109 292 3173 ratione
315 3110 455 3174 comicos
477 3111 581 3196 magis
612 3133 710 3195 quarn
732 3110 874 3196 tragicos
897 3113 1041 3174 secutum
1071 3130 1140 3173 esse
1172 3132 1190 3172 e

10 3211 60 3275 ula
87 3212 120 3274 in
143 3211 256 3277 Museo
279 3212 435 3278 Rhenano
459 3214 521 3282 vol.
547 3223 587 3284 38
610 3237 641 3298 p.
668 3221 728 3282 233
753 3214 793 3277 ab
816 3213 986 3277 Hansseno
1009 3212 1188 3296 composita

10 3317 83 3383 abit.

36 3419 168 3483 Habent
191 3420 294 3484 enim:

260 3522 440 3608 Aeschylus
521 3532 590 3600 15,3
608 3523 648 3608 010
742 3599 745 3602 ,

261 3625 439 3711 Sophocles
521 3633 559 3692 12
606 3626 645 3707 010

259 3729 429 3813 Euripides
517 3737 587 3805 13,5
605 3728 644 3814 010
670 3726 772 3811 (Cycl.
791 3726 900 3806 14,101
916 3727 929 3807 1

260 3831 495 3916 Aristophanes
519 3831 646 3915 2411010

263 3935 433 4000 Philemon
519 3942 588 4012 lea
605 3933 645 4019 010

262 4038 436 4103 Menander
518 4045 589 4115 21,2
605 4037 645 4122 010

39 4141 128 4205 Η300
151 4141 319 4218 habebam,
344 4161 426 4224 quae
449 4141 487 4204 de
510 4140 643 4204 senariis
666 4139 814 4203 dicerem.

39 4243 134 4309 Nunc
158 4245 197 4308 ad
220 4243 345 4308 cantica
367 4247 576 4306 transeamus.
