3120 5354
707 299 860 388 Aa.-.

167 501 296 564 initium
328 500 503 584 proximae.
549 499 612 564 Ter
633 499 793 564 Lucienus
822 499 986 564 licentiam
1009 498 1115 578 illam,
1146 521 1251 584 aqua
1273 523 1404 585 prorsus

170 604 408 668 abhorruerunt
431 603 562 690 tragici,
598 603 659 667 sibi
691 603 828 686 sumpsit
851 601 1133 686 Aristophanicam
1165 603 1211 666 ita
1242 603 1405 687 dactylum

168 707 312 771 formans
338 748 372 756 -
387 705 516 792 ψῃ,
539 710 576 770 ut
598 705 722 770 solutae
746 726 854 770 arseos
878 704 1021 788 syllabae
1037 705 1244 785 dirimantur,
1268 728 1332 770 non
1359 707 1405 769 ita

168 815 205 874 ut
228 811 337 874 eadem
360 832 438 874 voce
462 809 783 894 comprehendantur.
814 807 850 872 ln
868 808 970 873 altero
986 812 1019 872 et
1038 812 1152 892 quarto
1171 811 1251 894 pede
1269 809 1404 893 dactylis

168 934 232 977 non
257 935 332 977 usus
356 917 413 977 est.

254 1031 362 1097 Facile
395 1035 498 1096 autern
530 1031 724 1115 perspicitur
755 1030 839 1113 apud
861 1029 1037 1093 Lucianum
1061 1030 1261 1114 dactylorum
1285 1053 1405 1118 genera

168 1137 309 1199 maxima
332 1157 371 1199 ex
393 1138 486 1218 parte
509 1133 604 1198 aliter
625 1138 722 1218 atque
745 1133 829 1217 apud
852 1132 993 1216 tragicos
1008 1131 1147 1197 formata
1166 1135 1244 1198 etin
1259 1134 1404 1220 singulos

168 1239 265 1323 pedes
301 1238 471 1302 distributa
501 1259 587 1315 esse,
624 1239 678 1302 sed
710 1258 869 1321 nusquam
901 1258 973 1300 eum
1007 1238 1136 1301 modum
1167 1236 1316 1303 licentiae
1348 1261 1404 1302 ex·
1513 1310 1516 1317 ⁸

168 1342 317 1419 cessisse,
341 1362 436 1426 quem
460 1341 523 1404 sihi
545 1342 690 1424 posuerit
704 1339 948 1423 Aristophanes.
986 1337 1078 1404 Unde
1100 1340 1197 1404 etiam
1220 1341 1254 1405 in
1269 1342 1404 1426 dactylis

167 1444 356 1509 adhibendis
381 1444 558 1508 Lucianum
582 1444 777 1508 comicorum
801 1463 894 1505 usum
918 1441 1103 1505 observasse
1127 1448 1184 1526 pat
1203 1447 1225 1507 t.

685 1736 805 1836 Caput
828 1738 890 1815 111.

605 1927 670 1996 De
694 1927 970 2014 anapaestis.

743 2120 761 2202 ς
787 2127 835 2186 lo.

347 2273 390 2341 ile
413 2275 606 2359 anapaestis
630 2275 660 2342 in
684 2276 788 2360 prima
811 2273 933 2342 senarii
956 2273 1035 2342 sede
1058 2272 1222 2342 adhibitis.

255 2425 370 2490 Statim
402 2428 435 2491 in
466 2429 570 2512 primo
602 2430 682 2513 pede
711 2433 845 2512 apparet
869 2428 1046 2492 Lucianum
1078 2450 1151 2492 cum
1173 2428 1303 2493 comicis
1328 2450 1403 2491 con-

164 2551 304 2613 gruere,
328 2551 399 2594 cum
419 2531 551 2614 tragicis
566 2531 756 2615 discrepare.
793 2531 872 2596 Oum
888 2531 972 2595 euim
985 2532 1069 2614 apud
1083 2530 1225 2616 tragicos
1239 2532 1404 2616 anapaesti
1423 2510 1432 2529 ⁸

165 2633 201 2696 in
233 2633 337 2715 prima
368 2633 484 2698 senarii
516 2635 589 2698 sede
621 2655 687 2697 non
718 2635 929 2698 admittantur
964 2634 1026 2698 nisi
1061 2635 1197 2720 integris
1228 2635 1403 2711 vocabulis,

166 2757 308 2820 quorum
330 2736 483 2821 pleraque
506 2737 691 2801 nominibus
713 2737 854 2821 propriis
878 2738 1098 2815 continentur,
1123 2738 1207 2821 apud
1227 2737 1405 2802 Luciamun

165 2839 265 2902 etiam
302 2844 491 2922 anapaestos
531 2861 548 2902 e
584 2841 730 2924 pluribus
781 2863 863 2925 quae
908 2841 1036 2926 quidem
1077 2841 1248 2906 cohaerere
1299 2841 1405 2906 solent

161 2942 300 3006 vocibus
330 2943 526 3026 compositos
555 2943 742 3027 reperimus.
788 2943 858 3019 Quo
881 2967 941 3008 usu
964 2945 1142 3008 Lucianum
1164 2945 1281 3008 iterum
1303 2945 1404 3008 comi-

165 3065 279 3107 corum
302 3043 393 3129 leges
416 3045 507 3128 sequi
529 3066 624 3108 nemo
648 3067 712 3109 non
735 3046 831 3110 videt.

257 3161 318 3227 Sed
341 3163 469 3248 singula
490 3164 731 3248 perspiciamus.
767 3165 795 3228 E
818 3172 869 3244 45,
893 3166 949 3248 qui
972 3165 1102 3229 admissi
1125 3170 1233 3230 sunta
1252 3165 1402 3244 Lucisne,

167 3267 354 3350 anapaestis
377 3271 487 3331 extant
508 3267 542 3331 in
565 3268 670 3352 primo
693 3269 773 3353 pede
799 3275 857 3335 25:

209 3384 246 3448 Τ.
273 3392 300 3463 2,
334 3394 384 3464 60,
418 3393 468 3463 62,
501 3395 551 3466 63,
577 3396 627 3466 75,
654 3395 724 3466 112,
751 3396 821 3466 155,
849 3397 918 3467 159,
946 3397 1113 3468 161,164,
1140 3400 1209 3470 168,
1236 3399 1305 3470 187,
1332 3399 1402 3468 188,

273 3495 344 3566 216,
370 3495 440 3568 250,
466 3497 537 3568 252,
563 3498 633 3569 259,
659 3498 730 3569 261,
756 3498 827 3570 268,
853 3499 923 3570 273,
949 3499 1020 3570 282,
1046 3499 1118 3571 291,
1142 3502 1222 3570 305;

210 3589 249 3654 0.
274 3597 302 3670 2,
326 3600 385 3670 67;

161 3696 198 3758 in
224 3694 325 3759 altero
347 3697 427 3780 pede
451 3705 488 3764 9:

211 3797 247 3861 Τ.
274 3806 344 3878 156,
370 3806 442 3878 256,
467 3807 539 3880 262,
567 3808 646 3879 275;

210 3900 248 3965 0.
273 3907 323 3981 22,
348 3909 397 3980 62,
422 3911 472 3982 67,
497 3911 547 3983 82,
574 3913 650 3982 142;

161 4007 199 4069 in
223 4005 320 4069 tertio
343 4005 422 4088 pede
449 4015 484 4072 l:

209 4107 246 4171 Τ.
274 4116 353 4185 168;

160 4213 197 4275 in
224 4215 338 4294 quarto
360 4212 440 4295 pede
464 4221 501 4281 9:

208 4312 246 4377 Τ.
273 4321 342 4392 171,
369 4322 439 4393 182,
466 4323 536 4386 188.
562 4323 633 4394 225,
659 4323 730 4395 259,
756 4324 826 4395 2111,
852 4325 933 4396 266;

209 4416 246 4481 Ο.
273 4425 322 4495 79,
349 4426 428 4495 153;

156 4524 195 4588 in
222 4521 335 4604 quinto
357 4522 437 4605 pede
464 4530 499 4588 l:

208 4623 245 4688 O.
272 4632 343 4691 136.
